@Article{EVENT,
	author	= "C.R.E. de Oliveira",
	title	= "An Arbitrary Geometry Finite Element Method for Multigroup Neutron Transport with Anisotropic scattering",
	journal	= "Prog. Nucl. Energy",
	year	= "1986",
	pages	= "227",
	volume	= "18"
}

@Techreport{FLUIDITY,
	author	= "C.C Pain",
	title	= "Brief Description and Capabilities of the General CFD code FLUIDITY",
	institution = "Imperial College",
	year	= "2000"
}
@Techreport{gorman_mixed_langs,
	author	= "G. Gorman",
	title	= "Mixed language programming: C, C++ and Fortran",
	institution = "Imperial College",
        year    = "2002"
}

@Article{adapt,
        author  = "C.C. Pain, A.P. Umpleby, C.R.E. de Oliveira and A.J.H. Goddard",
        title   = "Tetrahedral mesh optimisation and adaptivity for steady-state and transient finite element calculations",
        journal = "Comput. Methods Appl. Mech. Engrg.",
        year    = "2001",
        pages   = "3771-3796"
}
@Misc{parmetis,
	author  = "G. Karypis, K. Schloegel and V. Kumar",
	title   = "ParMETIS: Parallel Graph Partitioning and Sparse Matrix Ordering Library",
	howpublished = "http://www.cs.umn.edu/~Karypis",
	year    = "1998"
}
