@STRING{cma	= {Computers Math. Applic.} }
@STRING{cmame	= {Comput. Methods Appl. Mech. Engrg.} }
@STRING{cup	= {Cambridge University Press} }
@STRING{ijnmf	= {Int. J. Numer. Methods Fluids} }
@STRING{imajna	= {IMA J. Numer. Anal.} }
@STRING{jcp	= {J. Comp. Phys.} }
@STRING{jfm	= {J. Fluid Mech.} }
@STRING{jpo	= {J. Phys. Oceanogr.} }
@STRING{mc	= {Math. Comp.} }
@STRING{mwr	= {Mon. Wea. Rev.} }
@STRING{nm	= {Numer. Math.} }
@STRING{om	= {Ocean Modell.} }
@STRING{rgsp	= {Rev. Geophys. Space Phys.} }
@STRING{sijna	= {SIAM J. Numer. Anal.} }
@STRING{sijssc	= {SIAM J. Sci. Stat. Comput.} }
@STRING{jgr	= {J. Geophys. Res} }

@Article{	  a97,
  author	= {A. Adcroft and C. Hill and J. Marshall},
  journal	= mwr,
  pages		= {2293--2315},
  title		= {Representation of topography by shaved cells in a height
		  coordinate ocean model},
  volume	= {125},
  year		= {1997}
}

@PhDThesis{	  adam,
  author	= {A.S. Candy},
  date-added	= {2009-11-26 14:38:00 +0000},
  date-modified	= {2009-11-26 14:38:00 +0000},
  school	= {Imperial College London},
  title		= {Subgrid Scale Modelling of Transport Processes},
  year		= {2008}
}

@Misc{		  adams83,
  author	= {L. M. Adams},
  note		= {IEEE Parallel Computation Proceedings, IEEE, Bellaire, MI.
		  pp. 36--43},
  title		= {An m-step preconditioned conjugate gradient method for
		  parallel computations},
  year		= {1983}
}

@Article{	  ainsoden,
  author	= {M. Ainsworth and J. T. Oden},
  journal	= cmame,
  pages		= {1--88},
  title		= {A posteriori error estimation in finite element analysis},
  volume	= {142},
  year		= {1997}
}

@Book{		  ainsworth2000,
  address	= {New York},
  author	= {M. T. Ainsworth and J. T. Oden},
  isbn		= {978-0-471-29411-5},
  publisher	= {Wiley},
  title		= {A Posteriori Error Estimation in Finite Element Analysis},
  url		= {http://eu.wiley.com/WileyCDA/WileyTitle/productCd-047129411X.html}
		  ,
  year		= {2000},
  bdsk-url-1	= {http://eu.wiley.com/WileyCDA/WileyTitle/productCd-047129411X.html}
		  
}

@Article{	  alauzet2003,
  author	= {Alauzet, F. and George, P. L. and Mohammadi, B. and Frey,
		  P. J. and Borouchaki, H.},
  title		= {Transient fixed point-based unstructured mesh adaptation},
  journal	= {International Journal for Numerical Methods in Fluids},
  volume	= {43},
  number	= {6-7},
  pages		= {729-745},
  year		= {2003},
  doi		= {10.1002/fld.548}
}

@InProceedings{	  alauzet2006b,
  address	= {Birmingham, Alabama},
  booktitle	= {Proceedings of the 15th International Meshing Roundtable},
  editor	= {P. P. P{\'{e}}bay},
  organisation	= {Sandia National Laboratories},
  publisher	= {Springer},
  author	= {F. Alauzet and A. Loseille and A. Dervieux and P. Frey},
  title		= {Multi-Dimensional Continuous Metric for Mesh Adaptation},
  pages		= {191-214},
  year		= {2006},
  doi		= {10.1007/978-3-540-34958-7\_12}
}

@Article{	  alauzet2008,
  author	= {F. Alauzet and S. Borel-Sandou and L. Daumas and A.
		  Dervieux and Q. Dinh and S. Kleinveld and A. Loseille and
		  Y. Mesri and G. Rog{\'{e}}},
  title		= {Multi-model and multi-scale optimization strategies.
		  {A}pplication to sonic boom reduction},
  journal	= {European Journal of Computational Mechanics},
  volume	= {17},
  number	= {1-2},
  pages		= {191-214},
  year		= {2008},
  doi		= {10.3166/remn.17.245-269}
}

@Article{	  arakawa,
  author	= {A. Arakawa},
  journal	= jcp,
  pages		= {119--143},
  title		= {Computational design for long-term numerical integration
		  of the equations of fluid motion: two-dimensional
		  incompressible flow},
  volume	= {1},
  year		= {1966}
}

@Article{	  armaly1983,
  author	= {B. F. Armaly and F. Durst and J. C. F. Pereira and B.
		  Schonung},
  journal	= jfm,
  pages		= {473--496},
  title		= {Experimental and theoretical investigation of
		  backward-facing step flow},
  volume	= {127},
  year		= {1983}
}

@Article{	  arnold2002,
  author	= {D.N. Arnold and F. Brezzi and B. Cockburn and L.D.
		  Marini},
  title		= {Unified Analysis of Discontinuous {Galerkin} methods for
		  elliptic problems},
  journal	= {SIAM J. Numer. Anal.},
  year		= 2002,
  volume	= 39,
  number	= 5,
  pages		= {1749--1779}
}

@Article{	  bab71,
  author	= {I. Babu\v{s}ka},
  journal	= nm,
  pages		= {322--333},
  title		= {Error-bounds for finite element method},
  volume	= {16},
  year		= {1971}
}

@Article{	  babuska1978,
  author	= {I. Babu{\v{s}}ka and W. C. Rheinboldt},
  doi		= {10.1137/0715049},
  journal	= {SIAM Journal on Numerical Analysis},
  number	= {4},
  pages		= {736-754},
  title		= {Error estimates for adaptive finite element computations},
  volume	= {15},
  year		= {1978},
  bdsk-url-1	= {http://dx.doi.org/10.1137/0715049}
}

@Article{	  babuska1978b,
  author	= {I. Babu{\v{s}}ka and W. C. Rheinboldt},
  doi		= {10.1002/nme.1620121010},
  journal	= {International Journal for Numerical Methods in
		  Engineering},
  number	= {10},
  pages		= {1597-1615},
  title		= {A-posteriori error estimates for the finite element
		  method},
  volume	= {12},
  year		= {1978},
  bdsk-url-1	= {http://dx.doi.org/10.1002/nme.1620121010}
}

@Article{	  babuska1994,
  author	= {Babu{\v{s}}ka, I. and Suri, M.},
  doi		= {10.1137/1036141},
  journal	= {SIAM Review},
  number	= {4},
  pages		= {578},
  title		= {The $p$ and $h$-$p$ Versions of the {F}inite {E}lement
		  Method, Basic Principles and Properties},
  volume	= {36},
  year		= {1994},
  bdsk-url-1	= {http://dx.doi.org/10.1137/1036141}
}

@Article{	  bangerth2001,
  author	= {Bangerth, W. and Rannacher, R.},
  title		= {Adaptive Finite Element Techniques for the Acoustic Wave
		  Equation},
  journal	= {Journal of Computational Acoustics},
  volume	= {9},
  number	= {2},
  pages		= {575-591},
  year		= {2001},
  doi		= {10.1142/S0218396X01000668}
}

@Book{		  bangerth2003,
  author	= {Bangerth, W. and Rannacher, R.},
  isbn		= {3764370092},
  publisher	= {Birkh\"auser},
  series	= {ETH Z\"urich Lectures in Mathematics},
  title		= {Adaptive finite element methods for differential
		  equations},
  year		= {2003}
}

@Article{         bardina1980,
  author	= {Bardina, J and Ferziger, J and Reynolds, W},
  title		= {Improved Subgrid Scale Models for {L}arge {E}ddy {S}imulations},
  journal	= {AIAA paper 80-1357},
  year		= {1980}
}


@Article{	  bassi1997,
  author	= {F. Bassi and S. Rebay},
  title		= {A high-order accurate discontinuous finite element method
		  for the numerical solution of the compressible
		  Navier-Stokes equations},
  journal	= {J. Comput. Phys.},
  year		= 1997,
  volume	= 131,
  pages		= {267--279}
}

@Book{		  batchelor1967,
  author	= {G. K. Batchelor},
  publisher	= cup,
  title		= {An {I}ntroduction to {F}luid {D}ynamics},
  year		= {1967}
}

@Article{	  bazant1978,
  author	= {Ba{\v{z}}ant, Z. P.},
  title		= {Spurious reflection of elastic waves in nonuniform finite
		  element grids},
  journal	= {Computer Methods in Applied Mechanics and Engineering},
  volume	= {16},
  number	= {1},
  pages		= {91-100},
  year		= {1978},
  doi		= {10.1016/0045-7825(78)90035-X}
}

@Article{	  bazilevs2007,
  author	= {Y. Bazilevs and C. Michler and V.M. Calo and T.J.R.
		  Hughes},
  doi		= {10.1016/j.cma.2007.06.026},
  issn		= {0045-7825},
  journal	= {Computer Methods in Applied Mechanics and Engineering},
  number	= {49-52},
  pages		= {4853 - 4862},
  title		= {Weak {D}irichlet boundary conditions for wall-bounded
		  turbulent flows},
  url		= {http://www.sciencedirect.com/science/article/B6V29-4PCPFD2-1/2/aeb31fb110ba0801dae355107802d59a}
		  ,
  volume	= {196},
  year		= {2007},
  bdsk-url-1	= {http://www.sciencedirect.com/science/article/B6V29-4PCPFD2-1/2/aeb31fb110ba0801dae355107802d59a}
		  ,
  bdsk-url-2	= {http://dx.doi.org/10.1016/j.cma.2007.06.026}
}

@Article{	  bcm01,
  author	= {D. L. Brown and R. Cortez and M. L. Minion},
  journal	= jcp,
  pages		= {464--499},
  title		= {Accurate projection methods for the incompressible
		  {N}avier-{S}tokes equations},
  volume	= {168},
  year		= {2001}
}

@Book{		  bear,
  author	= {J. Bear},
  publisher	= {American Elsevier Publishing Company, Inc.},
  title		= {{D}ynamics of {F}luids in {P}orous {M}edia},
  year		= {1972}
}

@Article{	  becker2001,
  author	= {R. Becker and R. Rannacher},
  doi		= {10.1017/S0962492901000010},
  journal	= {Acta Numerica},
  pages		= {1-102},
  title		= {An optimal control approach to a posteriori error
		  estimation in finite element methods},
  volume	= {10},
  year		= {2001},
  bdsk-url-1	= {http://dx.doi.org/10.1017/S0962492901000010}
}

@Article{	  benjamin_68,
  author	= {T. Brooke Benjamin},
  journal	= {Journal of Fluid Mechanics},
  number	= {2},
  pages		= {209-248},
  title		= {Gravity currents and related phenomena},
  volume	= {31},
  year		= {1968}
}

@PhDThesis{	  bentham2003,
  author	= {Bentham, J. H. T.},
  date-added	= {2009-11-26 15:37:11 +0000},
  date-modified	= {2009-11-26 15:38:22 +0000},
  school	= {Imperial College London},
  title		= {Microscale Modelling of Air Flow and Pollutant Dispersion
		  in the Urban Environment},
  year		= {2003}
}

@Article{	  berger1989,
  author	= {Berger, M. J. and Colella, P.},
  doi		= {10.1016/0021-9991(89)90035-1},
  journal	= {Journal of Computational Physics},
  number	= {1},
  pages		= {64-84},
  title		= {Local adaptive mesh refinement for shock hydrodynamics},
  volume	= {82},
  year		= {1989},
  bdsk-url-1	= {http://dx.doi.org/10.1016/0021-9991(89)90035-1}
}

@Article{	  bh93,
  author	= {A. Beckmann and D. B. Haidvogel},
  journal	= jpo,
  pages		= {1736--1753},
  title		= {Numerical simulation of flow around a tall isolated
		  seamount. {P}art {I}: {P}roblem formulation and model
		  accuracy},
  volume	= {23},
  year		= {1993}
}

@Article{	  blankenbach1989,
  author	= {Blankenbach, B. and Busse, F. and Christensen, U. and
		  Cserepes, L. and Gunkel, D. and Hansen, U. and Harder, H.
		  and Jarvis, G. and Koch, M. and Marquart, G. and Moore, D.
		  and Olson, P. and Schmeling, H. and Schnaubelt, T.},
  title		= {A benchmark comparison for mantle convection codes},
  journal	= {Geophysical Journal International},
  volume	= {98},
  number	= {1},
  pages		= {23-38},
  year		= {1989},
  doi		= {10.1111/j.1365-246X.1989.tb05511.x}
}

@Article{	  blumberg1992,
  author	= {Alan F. Blumberg and Boris Galperin and Donald J.
		  O'Connor},
  title		= {Modeling Vertical Structure of Open-Channel Flows},
  journal	= {Journal of Hydraulic Engineering},
  year		= {1992},
  volume	= {118},
  pages		= {1119-1134},
  number	= {8},
  doi		= {10.1061/(ASCE)0733-9429(1992)118:8(1119)},
  keywords	= {Open channel flow; Hydrodynamics; Mathematical models;
		  Model verification; Stratified flow; Turbulence; Velocity
		  profile},
  publisher	= {ASCE}
}

@Article{	  borouchaki1998,
  author	= {H. Borouchaki and F. Hecht and P. J. Frey},
  title		= {Mesh gradation control},
  journal	= {International Journal for Numerical Methods in
		  Engineering},
  volume	= {43},
  number	= {6},
  pages		= {1143-1165},
  year		= {1998},
  doi		= {10.1002/(SICI)1097-0207(19981130)43:6<1143::AID-NME470>3.0.CO;2-I}
		  
}

@Article{	  botella1998,
  author	= {Botella, O. and Peyret, R.},
  journal	= {Computers \& Fluids},
  number	= {4},
  pages		= {421-433},
  title		= {Benchmark spectral results on the lid-driven cavity flow},
  volume	= {27},
  year		= {1998}
}

@Article{	  boyer2005,
  author	= {Boyer, T. and Levitus, S. and Garcia, H. and Locarnini,
		  R.A. and Stephens, C. and Antonov, J.},
  title		= {Objective analyses of annual, seasonal, and monthly
		  temperature and salinity for the World Ocean on a $0.25
		  ^\circ$ grid},
  journal	= {International Journal of Climatology},
  volume	= {25},
  number	= {7},
  pages		= {931-945},
  year		= {2005},
  doi		= {10.1002/joc.1173},
  bdsk-url-1	= {http://dx.doi.org/10.1002/joc.1173}
}

@Article{	  brez74,
  author	= {F. Brezzi},
  journal	= {RAIRO Ser. Rouge Anal. Numer.},
  pages		= {129--151},
  title		= {On the existence, uniqueness and approximation of
		  saddle-point problems arising from {L}agrange multipliers},
  volume	= {{8, {R}-2}},
  year		= {1974}
}

@Book{		  brezzfortbook,
  author	= {F. Brezzi and M. Fortin},
  publisher	= {Springer-Verlag},
  title		= {Mixed and {H}ybrid {F}inite {E}lement {M}ethods},
  year		= {1991}
}

@Article{	  britter_78,
  author	= {R. E. Britter and J. E. Simpson},
  title		= {{E}xperiments on the dynamics of a gravity current head},
  journal	= {Journal of Fluid Mechanics},
  volume	= {88},
  number	= {2},
  pages		= {223-240},
  year		= {1978}
}

@InCollection{	  brooks1964,
  author	= {R. H. Brooks and A. T. Corey},
  booktitle	= {Hydrology Papers, Volume 3},
  owner		= {mgulamal},
  publisher	= {Colorado State University},
  timestamp	= {2009.11.25},
  title		= {Hydraulic properties of porous media},
  year		= {1964}
}

@Article{	  brooks1982,
  author	= {Brooks, A. N. and Hughes, T. J. R.},
  journal	= {Comput. Methods Appl. Mech. Eng.},
  pages		= {199--259},
  title		= {{Streamline upwind/Petrov-Galerkin formulations for
		  convection dominated flows with particular emphasis on the
		  incompressible Navier-Stokes equations}},
  volume	= {32},
  year		= {1982}
}

@Article{	  brown2003,
  author	= {P. P. Brown and D. F. Lawler},
  title		= {Sphere Drag and Settling Velocity Revisited},
  journal	= {Journal of Environmental Engineering},
  volume	= {129},
  number	= {3},
  pages		= {222-231},
  year		= {2003}
}

@Article{	  bruneau2006,
  author	= {Bruneau, C. H. and Saad, M.},
  journal	= {Computers and Fluids},
  number	= {3},
  pages		= {326-348},
  publisher	= {Elsevier},
  title		= {The {2D} lid-driven cavity problem revisited},
  volume	= {35},
  year		= {2006}
}

@Article{	  budd2009,
  author	= {Budd, C. J. and Huang, W. and Russell, R. D.},
  doi		= {10.1017/S0962492906400015},
  journal	= {Acta Numerica},
  pages		= {111-241},
  title		= {Adaptivity with moving grids},
  volume	= {18},
  year		= {2009},
  bdsk-url-1	= {http://dx.doi.org/10.1017/S0962492906400015}
}

@Article{	  burchard1998,
  author	= {Burchard, Hans and Petersen, Ole and Rippeth, Tom P.},
  title		= {Comparing the performance of the Mellor-Yamada and the
		  k-$\epsilon$ two-equation turbulence models},
  journal	= {J. Geophys. Res.},
  year		= {1998},
  volume	= {103},
  pages		= {10543--10554},
  number	= {C5},
  issn		= {0148-0227},
  doi		= {10.1029/98JC00261}
}

@TechReport{	  burchard1999,
  author	= {Burchard, H. and Bolding, K. and Villarreal, M. R.},
  title		= {{GOTM} -- A general ocean turbulence model. Theory,
		  applications and test cases.},
  institution	= {European Commission Rep},
  year		= {1999},
  number	= {EUR 18745}
}

@Article{	  burchard2001,
  author	= {Burchard, Hans},
  title		= {On the $q^2l$ Equation by Mellor and Yamada (1982)},
  journal	= {Journal of Physical Oceanography},
  year		= {2001},
  volume	= {31},
  pages		= {1377-1387},
  number	= {5}
}

@Article{	  burchbeck04,
  author	= {H. Burchard and J. -M. Beckers},
  journal	= om,
  pages		= {51--81},
  title		= {Non-uniform adaptive vertical grids in one-dimensional
		  numerical ocean models},
  volume	= {6},
  year		= {2004}
}

@Article{	  buscaglia1997,
  author	= {G. C. Buscaglia and E. A. Dari},
  journal	= {International Journal for Numerical Methods in
		  Engineering},
  keywords	= {adaptivity, error metric, anisotropy, discrete
		  differentiation, finite element},
  pages		= {4119-4136},
  title		= {Anisotropic mesh optimization and its applications in
		  adaptivity},
  volume	= {40},
  year		= {1997}
}

@Article{	  cantero_07,
  author	= {Cantero, M. I. and Lee, J. R. and Balachandar, S. and
		  Garcia, M. H.},
  journal	= {jfm},
  pages		= {1--39},
  title		= {On the front velocity of gravity currents},
  volume	= {586},
  year		= {2007},
  doi		= {10.1017/S0022112007005769}
}

@Article{         canuto_cheng1997,
  author        = {Canuto, V and Cheng, Y},
  journal       = {Physics of Fluids},
  volume        = {9},
  number        = {5},
  pages         = {1368-1378},
  title         = {Determination of the Smagorinski-Lilly constant CS},
  year          = {1997}
}

@Article{	  canuto2001,
  author	= {Canuto, V. M. and Howard, A. and Cheng, Y. and Dubovikov,
		  M. S.},
  journal	= {Journal of Physical Oceanography},
  number	= {6},
  pages		= {1413--1426},
  timestamp	= {2009.11.11},
  title		= {Ocean Turbulence. Part I: One-Point Closure Model --
		  Momentum and Heat Vertical Diffusivities},
  volume	= {31},
  year		= {2001}
}

@Article{	  carey1997,
  title		= {Influence of Convective Sedimentation on the Formation of
		  Widespread Tephra Fall Layers in the Deep Sea},
  author	= {S. Carey},
  journal	= {Geology},
  year		= {1997},
  volume	= {25},
  pages		= {839--842},
  number	= {9}
}

@Article{	  castrodiaz1997,
  author	= {M. J. Castro-D{\'{i}}az and F. Hecht and B. Mohammadi and
		  O. Pironneau},
  title		= {Anisotropic unstructured mesh adaptation for flow
		  simulations},
  journal	= {International Journal for Numerical Methods in Fluids},
  volume	= {25},
  number	= {4},
  pages		= {475-491},
  year		= {1997},
  doi		= {10.1002/(SICI)1097-0363(19970830)25:4<475::AID-FLD575>3.0.CO;2-6}
		  
}

@Article{	  cfl,
  author	= {R. Courant and K. O. Friedrichs and H. Lewy},
  title		= {{\"U}ber die partiellen differenzgleichungen der
		  mathematischen Physik},
  journal	= {Mathematische Annalen},
  year		= {1928},
  volume	= {100},
  pages		= {32--74},
  notes		= {English translation in IBM Journal (1967), 215--234}
}

@article{chen2007,
	author = {Chen, Long and Sun, Pengtao and Xu, Jinchao},
	title = {Optimal anisotropic meshes for minimizing interpolation errors in ${L}^p$--norm },
	journal = {Mathematics of Computation},
	volume = {76},
	pages = {179--204},
	year = {2007},
	doi = {10.1090/S0025-5718-06-01896-5},
}

@Book{		  cheungloleung,
  title		= {Finite {E}lement {I}mplementation},
  publisher	= {Blackwell Science},
  year		= {1996},
  author	= {Y. K. Cheung and S. H. Lo and A. Y. T. Leung}
}

@Article{	  chorin68,
  author	= {A. J. Chorin},
  journal	= mc,
  pages		= {745--762},
  title		= {Numerical solution of the {N}avier-{S}tokes equations},
  volume	= {22},
  year		= {1968}
}

@Book{		  ciarlet_handbook_2000,
  author	= {P. G. Ciarlet and J. L. Lions},
  publisher	= {Elsevier},
  title		= {Handbook of Numerical Analysis Volume 7},
  year		= {2000}
}

@Article{	  cockburn1998,
  author	= {B. Cockburn and C.-W. Shu},
  title		= {The local discontinuous {G}alerkin method for
		  time-dependent convection-diffusion systems},
  journal	= {SIAM J. Numer. Anal.},
  year		= 1998,
  volume	= 35,
  pages		= {2440--2463}
}

@Article{	  cockburn2001,
  author	= {B. Cockburn and C-W. Shu},
  title		= {{Runge-Kutta Discontinuous Galerkin Methods for
		  Convection-Dominated Problems}},
  journal	= {Journal of Scientific Computing},
  year		= {2001},
  volume	= {16},
  pages		= {173--261},
  number	= {3}
}

@Book{		  cockkarnshu,
  editor	= {B. Cockburn and G. E. Karniadakis and C. -W. Shu},
  publisher	= {Springer-Verlag},
  title		= {Discontinuous {G}alerkin {M}ethods: {T}heory,
		  {C}omputation and {A}pplications},
  year		= {2000}
}

@Article{	  colagrossi_numerical_2003,
  title		= {Numerical simulation of interfacial flows by smoothed
		  particle hydrodynamics},
  volume	= {191},
  issn		= {0021-9991},
  url		= {http://www.sciencedirect.com/science/article/B6WHY-49CMJ22-1/2/9d25ed6668fde488a2f4429e97411815}
		  ,
  doi		= {10.1016/S0021-9991(03)00324-3},
  number	= {2},
  journal	= {Journal of Computational Physics},
  author	= {A. Colagrossi and M. Landrini},
  year		= {2003},
  pages		= {448--475}
}

@Article{	  compere2010a,
  author	= {G. Comp{\`{e}}re and J. F. Remacle and J. Jansson and J.
		  Hoffman},
  title		= {A mesh adaptation framework for dealing with large
		  deforming meshes},
  journal	= {International Journal for Numerical Methods in
		  Engineering},
  volume	= {82},
  number	= {7},
  pages		= {843-867},
  year		= {2010},
  doi		= {10.1002/nme.2788}
}

@Article{	  coppola2001,
  author	= {G. Coppola and S. J. Sherwin and J.Peiro},
  doi		= {doi:10.1006/jcph.2001.6829},
  journal	= {Journal of Computational Physics},
  keywords	= {particle tracking, high-order elements, flow
		  visualization},
  pages		= {356--386},
  title		= {Nonlinear Particle Tracking for High-Order Elements},
  volume	= {172},
  year		= {2001},
  bdsk-url-1	= {http://dx.doi.org/10.1006/jcph.2001.6829}
}

@Article{	  cotter2009,
  author	= {{Cotter}, C.~J. and {Ham}, D.~A. and {Pain}, C.~C.},
  title		= "{A mixed discontinuous/continuous finite element pair for
		  shallow-water ocean modelling}",
  journal	= {Ocean Modelling},
  year		= 2009,
  volume	= 26,
  pages		= {86--90}
}

@Article{	  courty2006,
  author	= {F. Courty and D. Leservoisier and P.-L. George and A.
		  Dervieux},
  title		= {Continuous metrics and mesh adaptation},
  journal	= {Applied Numerical Mathematics},
  volume	= {56},
  number	= {2},
  pages		= {117-145},
  year		= {2006},
  doi		= {10.1016/j.apnum.2005.03.001}
}

@Article{	  craft1996,
  author	= {Tim J. Craft and Brian E. Launder and K. Suga},
  title		= {Development and application of a cubic eddy-viscosity
		  model of turbulence},
  journal	= {International Journal of Heat and Fluid Flow},
  year		= {1996},
  volume	= {17},
  pages		= {108--115},
  number	= {2}
}

@Book{		  croweetal1998,
  author	= {C.T. Crowe and M. Sommerfeld and Y. Tsuji},
  title		= {Multiphase Flows with Droplets and Particles},
  publisher	= {CRC Press},
  year		= {1998}
}

@Book{		  cushman1994,
  author	= {B. Cushman-Roisin},
  publisher	= {Prentice {H}all, {N}ew {J}ersey, {USA}},
  title		= {Introduction to {G}eophysical {F}luid {D}ynamics},
  year		= {1994}
}

@Article{	  davies2007,
  author	= {Davies, D. R. and Davies, J. H. and Hassan, O. and Morgan,
		  K. and Nithiarasu, P."},
  title		= {Investigations into the applicability of adaptive finite
		  element methods to two-dimensional infinite Prandtl number
		  thermal and thermochemical convection},
  journal	= {Geochem. Geophys. Geosyst.},
  volume	= {8},
  year		= {2007},
  doi		= {10.1029/2006GC001470}
}

@Article{	  davies2011,
  author	= {Davies, D. R. and Wilson, C. R. and Kramer, S. C.},
  title		= {Fluidity: A fully unstructured anisotropic adaptive mesh
                   computational modelling framework for geodynamics.},
  journal	= {Geochem. Geophys. Geosyst.},
  volume	= {12},
  year		= {2011},
  pages         = {Q06001},
  doi		= {10.1029/2011GC003551}
}

@Article{	  daz91,
  author	= {E. F. D'Azevedo},
  title		= {Optimal triangular mesh generation by coordinate
		  transformation},
  journal	= sijssc,
  year		= {1991},
  volume	= {12},
  pages		= {755--786}
}

@Article{	  dazsimp91,
  author	= {E. F. D'Azevedo and R. B. Simpson},
  journal	= nm,
  pages		= {321--348},
  title		= {On optimal triangular meshes for minimizing the gradient
		  error},
  volume	= {59},
  year		= {1991}
}

@Article{         deardorff1970,
  author        = {Deardorff, James},
  title         = {A numerical study of three-dimesional turbulent channel
                   flow at large {R}eynolds numbers},
  journal       = jfm,
  pages         = {453-480},
  volume        = {41},
  year          = {1970}
}

@Article{         deardorff1971,
  author        = {Deardorff, James},
  title         = {On the Magnitude of the Subgrid Scale Eddy Coefficient},
  journal       = jcp,
  pages         = {120-133},
  volume        = {7},
  year          = {1971}
}

@InCollection{	  deboor2,
  author	= {C. de Boor},
  title		= {Good approximation by splines with variable knots. {II}},
  booktitle	= {Conference on the numerical solution of differential
		  equations},
  publisher	= {{S}pringer {L}ecture {N}otes 363},
  year		= {1973},
  pages		= {12--20}
}

@Article{	  desprs_contact_2001,
  title		= {Contact Discontinuity Capturing Schemes for Linear
		  Advection and Compressible Gas Dynamics},
  volume	= {16},
  url		= {http://dx.doi.org/10.1023/A:1013298408777},
  doi		= {10.1023/A:1013298408777},
  number	= {4},
  journal	= {Journal of Scientific Computing},
  author	= {B. Despr\'es and F. Lagouti\`ere},
  month		= dec,
  year		= {2001},
  pages		= {479--524}
}

@Article{ devine2002,
  author        = {Karen Devine and Erik Boman and Robert Heaphy and
                   Bruce Hendrickson and Courtenay Vaughan},
  title         = {{Zoltan} Data Management Services for Parallel Dynamic
                   Applications},
  journal       = {Computing in Science and Engineering},
  year          = {2002},
  volume        = {4},
  number        = {2},
  pages         = {90--97}
}

@Misc{		  dome,
  author	= {T. M. {\"O}zg{\"o}kmen},
  title		= {{DOME -- Dynamics of Overflow Mixing and Entrainment}},
  howpublished	= {http://www.rsmas.miami.edu/personal/tamay/DOME/dome.html},
  year		= {2001}
}

@Book{		  doneabook,
  author	= {J. Donea and A. Huerta},
  publisher	= {{J}ohn {W}iley {\&} {S}ons},
  title		= {Finite {E}lement {M}ethods for {F}low {P}roblems},
  year		= {2003}
}

@Article{	  eas02,
  author	= {T. Ezer and H. Arango and A. F. Shchepetkin},
  journal	= om,
  pages		= {249--267},
  title		= {Developments in terrain-following ocean models:
		  intercomparion of numerical aspects},
  volume	= {4},
  year		= {2002}
}

@Article{	  ee7,
  author	= {M. S. Engelman and R. L. Sani and P. M. Gresho},
  journal	= ijnmf,
  pages		= {225--238},
  title		= {The implementation of normal and/or tangential boundary
		  conditions in finite element codes for incompressible fluid
		  flow},
  volume	= {2},
  year		= {1982}
}

@Article{	  el96b,
  author	= {W. E and J. Guo Liu},
  journal	= sijna,
  pages		= {1597--1621},
  title		= {Projection method {II}: {G}odunov-{R}yabenki analysis},
  volume	= {33},
  year		= {1996}
}

@Article{	  elias_08,
  author	= {R. N. Elias and P. L. B. Paraizo and A. L. G. A.
		  Coutinho},
  title		= {Stabilized edge-based finite element computation of
		  gravity currents in lock-exchange configurations},
  journal	= {International Journal for Numercial Methods in Fluids},
  volume	= {57},
  number	= {9},
  pages		= {1137-1152},
  year		= {2008}
}

@Book{		  elman2005,
  publisher	= {Oxford University Press, USA},
  author	= {Elman, H. C. and Silvester, D. J. and Wathen, A. J.},
  title		= {Finite elements and fast iterative solvers: with
		  applications in incompressible fluid dynamics},
  year		= {2005}
}

@Article{         ergun1952,
  author        = {Ergun, S.},
  journal       = {Chemical Engineering Progress},
  number        = {2},
  pages         = {89-94},
  title         = {Fluid flow through packed columns},
  volume        = {48},
  year          = {1952}
}

@Article{	  erturk2005,
  author	= {E. Erturk and T. C. Corke and C. Gokcol},
  journal	= {International Journal for Numerical Methods in Fluids},
  number	= {7},
  pages		= {747-774},
  title		= {Numerical solutions of 2-D steady incompressible driven
		  cavity ow at high {R}eynolds numbers},
  volume	= {48},
  year		= {2005}
}

@Article{	  fairall2003,
  author	= {Fairall, C. W. and Bradley, E. F. and Hare, J. E. and
		  Grachev, A. A. and Edson, J. B.},
  title		= {Bulk Parameterization of Air-Sea Fluxes: Updates and
		  Verification for the COARE Algorithm},
  journal	= {Journal of Climate},
  year		= {2003},
  volume	= {16},
  pages		= {571-591},
  number	= {4},
  doi		= {10.1175/1520-0442(2003)016<0571:BPOASF>2.0.CO;2}
}

@Book{		  fannelop_94,
  author	= {T. K. Fannelop},
  title		= {Fluid Mechanics for Industrial Safety and Environmental
		  Protection},
  publisher	= {Elsevier Science Ltd},
  year		= {1994}
}

@TechReport{	  farnell1975,
  author	= {Farnell, L. and Plumb, R. A.},
  title		= {{Numerical integration of flow in a rotating annulus I:
		  Axisymmetric model}},
  institution	= {Geophysical Fluid Dynamics Laboratory, Meteorological
		  Office, Bracknell, Berkshire.},
  year		= {1975},
  type		= {Occasional Note Met},
  number	= {O 21 75/3},
  month		= {December},
  comment	= {Checked 04/10/2010}
}

@Article{	  farrell2009a,
  author	= {Farrell, P. E. and Piggott, M. D. and Pain, C. C. and
		  Gorman, G. J and Wilson, C. R.},
  title		= {Conservative interpolation between unstructured meshes via
		  supermesh construction},
  journal	= {Computer Methods in Applied Mechanics and Engineering},
  volume	= {198},
  number	= {33-36},
  pages		= {2632-2642},
  year		= {2009},
  doi		= {10.1016/j.cma.2009.03.004}
}

@Article{	  farrell2009c,
  author	= {P. E. Farrell and J. R. Maddison},
  title		= {Conservative interpolation between volume meshes by local
		  {G}alerkin projection},
  journal	= {Computer Methods in Applied Mechanics and Engineering},
  volume	= {200},
  number	= {1-4},
  pages		= {89--100},
  year		= {2011},
  doi		= {10.1016/j.cma.2010.07.015}
}

@PhDThesis{	  farrell2009i,
  author	= {P. E. Farrell},
  school	= {Imperial College London},
  title		= {Galerkin projection of discrete fields via supermesh
		  construction},
  year		= {2009}
}

@Article{	  farrell2010a,
  author	= {P. E. Farrell and J. R. Maddison},
  title		= {Conservative interpolation between volume meshes by local
		  {G}alerkin projection},
  journal	= {Computer Methods in Applied Mechanics and Engineering},
  year		= {2010},
  doi		= {10.1016/j.cma.2010.07.015}
}

@Manual{	  femtools,
  title		= {The femtools manual},
  organization	= {Imperial College London},
  year		= 2009
}

@Article{	  fordii,
  author	= {R. Ford and C. C. Pain and M. D. Piggott and A. J. H.
		  Goddard and C. R. E. de Oliveira and A. P. Umbleby},
  journal	= {Mon. Weath. Rev.},
  number	= {12},
  pages		= {2832--2844},
  title		= {A non-hydrostatic finite element model for
		  three-dimensional stratified oceanic flows. {P}art {II}:
		  {M}odel validation},
  volume	= {132},
  year		= {2004}
}

@Article{	  frey2004,
  publisher	= {Wiley},
  author	= {Frey, P. J.},
  title		= {Generation and adaptation of computational surface meshes
		  from discrete anatomical data},
  journal	= {International Journal for Numerical Methods in
		  Engineering},
  volume	= {60},
  number	= {6},
  pages		= {1049-1074},
  year		= {2004}
}

@Article{	  frey2005,
  author	= {P. J. Frey and F. Alauzet},
  title		= {Anisotropic mesh adaptation for {CFD} computations},
  journal	= {Computer methods in applied mechanics and engineering},
  volume	= {194},
  pages		= {5068-5082},
  year		= {2005},
  doi		= {10.1016/j.cma.2004.11.025}
}

@Article{	  fringer_06,
  author	= {O. B. Fringer and M. Gerritsen and R. L. Street},
  doi		= {10.1016/j.ocemod.2006.03.006},
  journal	= {Ocean Modelling},
  number	= {3-4},
  pages		= {139--173},
  title		= {An unstructured-grid, finite-volume, nonhydrostatic,
		  parallel coastal ocean simulator},
  volume	= {14},
  year		= {2006},
  bdsk-url-1	= {http://dx.doi.org/10.1016/j.ocemod.2006.03.006}
}

@Article{	  frueh1997,
  author	= {Fr{\"u}h, W. G. and Read, P. L.},
  title		= {{Wave interactions and the transition to chaos of
		  baroclinic waves in a thermally driven rotating annulus}},
  journal	= {Philosophical Transactions: Mathematical Physical and
		  Engineering Sciences},
  year		= {1997},
  volume	= {355},
  pages		= {101--153},
  number	= {1722},
  comment	= {Checked 07/12/2010},
  publisher	= {The Royal Society}
}

@Article{	  fultz1951,
  author	= {Fultz, D.},
  title		= {{Experimental analogies to atmospheric motions}},
  journal	= {Compendium of meteorology},
  year		= {1951},
  pages		= {1235--1248},
  comment	= {Checked 04/10/2010},
  publisher	= {American Meteorological Society}
}

@Article{	  funke2011,
  title		= "A wetting and drying algorithm with a combined
		  pressure/free-surface formulation for non-hydrostatic
		  models",
  journal	= "Advances in Water Resources",
  year		= "2011",
  issn		= "0309-1708",
  doi		= "10.1016/j.advwatres.2011.08.007",
  author	= "S.W. Funke and C.C. Pain and S.C. Kramer and M.D. Piggott"
}

@Book{		  george1998,
  publisher	= {Hermes},
  thepage	= {273},
  author	= {George, P. L. and Borouchaki, H.},
  title		= {{D}elaunay Triangulation and Meshing: Application to
		  Finite Elements},
  year		= {1998}
}

@article{germano1986a, 
    title = {A proposal for a redefinition of the turbulent stresses in the filtered Navier-Stokes equations},
    publisher = {AIP},
    year = {1986}, 
    doi = {10.1063/1.865568}, 
    issn = {00319171}, 
    journal = {Physics of Fluids},
    volume = {29}, 
    number = {7}, 
    pages = {2323-2324}, 
    author = {M. Germano}
}


@article{
    germano1991, 
    title = {A dynamic subgrid-scale eddy viscosity model}, 
    publisher = {AIP}, 
    year = {1991}, 
    doi = {10.1063/1.857955}, 
    issn = {08998213}, 
    volume = {3}, 
    number = {7}, 
    journal = {Physics of Fluids},
    pages = {1760-1765}, 
    author = {Massimo Germano and Ugo Piomelli and Parviz Moin and William H. Cabot}
}

@Article{         germano1992,
  author        = {Germano, Massimo},
  title         = {Turbulence: the filtering approach},
  journal       = jfm,
  pages         = {325-336},
  volume        = {238},
  year          = {1992}
}

@Article{	  geuzaine1999,
  author	= {Geuzaine, C. and Meys, B. and Henrotte, F. and Dular, P.
		  and Legros, W.},
  title		= {A {G}alerkin projection method for mixed finite elements},
  journal	= {IEEE Transactions on Magnetics},
  volume	= {35},
  number	= {3},
  pages		= {1438-1441},
  year		= {1999},
  doi		= {10.1109/20.767236}
}

@Article{	  gibson1978,
  author	= {Gibson,M. M. and Launder,B. E.},
  title		= {Ground effects on pressure fluctuations in the atmospheric
		  boundary layer},
  journal	= {Journal of Fluid Mechanics Digital Archive},
  year		= {1978},
  volume	= {86},
  pages		= {491-511},
  number	= {03},
  doi		= {10.1017/S0022112078001251}
}

@Book{		  gill1982,
  title		= {{Atmosphere-ocean dynamics}},
  author	= {Gill, A.E.},
  year		= {1982},
  publisher	= {Academic press}
}

@Book{		  girrav,
  author	= {V. Girault and P. -A. Raviart},
  publisher	= {Springer-{V}erlag},
  title		= {Finite {E}lement {M}ethods for {N}avier-{S}tokes
		  {E}quations. {T}heory and {A}lgorithms.},
  year		= {1986}
}

@PhDThesis{	  goldin2008,
  title		= {Atmospheric Interactions During Global Deposition of
		  Chicxulub Impact Ejecta},
  author	= {T.J. Goldin},
  school	= {University of Arizona},
  year		= {2008}
}

@Book{		  golub,
  author	= {G. H. Golub and C. F. van Loan},
  edition	= {Second},
  publisher	= {{J}ohns {H}opkins {U}niversity {P}ress},
  title		= {Matrix {C}omputations},
  year		= {1989}
}

@Article{	  grandy1999,
  title		= {Conservative Remapping and Region Overlays by Intersecting
		  Arbitrary Polyhedra},
  journal	= {Journal of Computational Physics},
  volume	= "148",
  number	= "2",
  pages		= "433 - 466",
  year		= "1999",
  note		= "",
  issn		= "0021-9991",
  doi		= "DOI: 10.1006/jcph.1998.6125",
  author	= "Jeffrey Grandy"
}

@Article{	  gray1976,
  title		= {The validity of the boussinesq approximation for liquids
		  and gases},
  journal	= {International Journal of Heat and Mass Transfer},
  volume	= "19",
  number	= "5",
  pages		= "545 - 551",
  year		= "1976",
  doi		= "doi:10.1016/0017-9310(76)90168-X",
  author	= "Donald D. Gray"
}

@Article{	  greaves_simulation_2006,
  title		= {Simulation of viscous water column collapse using adapting
		  hierarchical grids},
  volume	= {50},
  url		= {http://dx.doi.org/10.1002/fld.1073},
  doi		= {10.1002/fld.1073},
  number	= {6},
  journal	= {International Journal for Numerical Methods in Fluids},
  author	= {D. M. Greaves},
  year		= {2006},
  pages		= {693--711}
}

@Article{	  gresho1988,
  author	= {P. M. Gresho and S. T. Chan},
  title		= {Solving the incompressible Navier-Stokes equations using
		  consistent mass and a pressure poisson equation},
  journal	= {ASME Symposium on recent development in CFD, Chicago 95},
  year		= {1988},
  pages		= {51 - 73}
}

@Article{	  gresho87,
  author	= {P. M. Gresho and R. Sani},
  journal	= ijnmf,
  pages		= {1111--1145},
  title		= {On pressure boundary conditions for the incompressible
		  {N}avier-{S}tokes equations},
  volume	= {7},
  year		= {1987}
}

@Article{	  gresho90,
  author	= {P. M. Gresho},
  journal	= ijnmf,
  pages		= {587--620},
  title		= {On the theory of semi-implicit projection methods for
		  viscous incompressible flow and its implementation via a
		  finite element method that also introduces a nearly
		  consistent mass matrix. {P}art 1: {T}heory},
  volume	= {11},
  year		= {1990}
}

@Article{	  gresho90b,
  author	= {P. M. Gresho and S. T. Chan},
  journal	= ijnmf,
  pages		= {621--659},
  title		= {On the theory of semi-implicit projection methods for
		  viscous incompressible flow and its implementation via a
		  finite element method that also introduces a nearly
		  consistent mass matrix. {P}art 2: {I}mplementation},
  volume	= {11},
  year		= {1990}
}

@Book{		  greshosanibook,
  author	= {P. M. Gresho and R. L. Sani},
  publisher	= {John {W}iley and {S}ons},
  title		= {Incompressible {F}low and the {F}inite {E}lement
		  {M}ethod},
  year		= {1998}
}

@InCollection{	  griff96,
  author	= {D. F. Griffiths},
  booktitle	= {Pitman {R}esearch {N}otes in {M}athematics {V}ol. 334},
  editor	= {D. F. Griffiths and G. A. Watson},
  pages		= {--185},
  title		= {Discretised eigenvalue problems, {LBB} constants and
		  stabilization},
  year		= {1996}
}

@TechReport{	  griffsilv,
  author	= {D. Griffiths and D. Silvester},
  institution	= {Department of Mathematics, University of Manchester},
  number	= {Numerical analysis report No. 257},
  title		= {Unstable modes of the {$Q_1-P_0$} element},
  year		= {1994}
}

@Article{         gunn1978,
  author        = {Gunn, D. J.},
  journal       = {International Journal of Heat and Mass Transfer},
  number        = {4},
  pages         = {467-476},
  title         = {Transfer of heat or mass to particles in fixed and fluidised beds},
  volume        = {21},
  year          = {1978}
}

@phdthesis{       hachemthesis,
  Author        = {Hachem, M.E.},
  School        = {Ecole Nationale Sup{\'e}rieure des Mines de Paris},
  Title         = {stabilized finite element method for heat transfer and turbulent flows inside industrial furnaces},
  Year          = {2009}
}

@Book{		  haidvogelbook,
  author	= {D. B. Haidvogel and A. Beckmann},
  publisher	= {Imperial {C}ollege {P}ress},
  title		= {Numerical {O}cean {C}irculation {M}odeling},
  year		= {1999}
}

@Article{	  ham2009,
  author	= {Ham, D. A. and Farrell, P. E. and Gorman, G. J. and
		  Maddison, J. R. and Wilson, C. R. and Kramer, S. C. and
		  Shipton, J. and Collins, G. S. and Cotter, C. J. and
		  Piggott, M. D.},
  title		= {Spud 1.0: generalising and automating the user interfaces
		  of scientific computer models},
  journal	= {Geoscientific Model Development},
  volume	= 2,
  year		= 2009,
  number	= 1,
  pages		= {33--42},
  doi		= {10.5194/gmd-2-33-2009}
}

@Article{	  hanert2004,
  title		= "Advection schemes for unstructured grid ocean modelling",
  journal	= "Ocean Modelling",
  volume	= "7",
  number	= "1-2",
  pages		= "39 - 58",
  year		= "2004",
  note		= "",
  issn		= "1463-5003",
  doi		= "DOI: 10.1016/S1463-5003(03)00029-5",
  url		= "http://www.sciencedirect.com/science/article/B6VPS-4BRKTRS-3/2/a533ad5a58b9d0238bad8c6f74a277f5"
		  ,
  author	= "E. Hanert and D. Y. Le Roux and V. Legat and E.
		  Deleersnijder",
  keywords	= "Advection schemes"
}

@Article{	  haney,
  author	= {R. L. Haney},
  journal	= jpo,
  pages		= {610--619},
  title		= {On the pressure gradient force over steep topography in
		  sigma coordinate models},
  volume	= {21},
  year		= {1991}
}

@Article{	  hartel_00,
  author	= {C. H{\"a}rtel and E. Meiburg and F.r Necker},
  journal	= {Journal of Fluid Mechanics},
  pages		= {189-212},
  title		= {Analysis and direct numerical simulation of the flow at a
		  gravity-current head. Part 1. Flow topology and front speed
		  for slip and no-slip boundaries},
  volume	= {418},
  year		= {2000}
}

@Article{	  hartel_99,
  author	= {C. H\"{a}rtel and E. Meiburg and F. Necker},
  title		= {Vorticity dynamics during the start-up phase of gravity
		  currents},
  journal	= {Societ\'{a} Italiana di Fisica},
  volume	= {22},
  number	= {6},
  pages		= {823-833},
  year		= {1999}
}

@Article{	  hassan1998,
  author	= {Hassan, O. and Probert, E. J. and Morgan, K.},
  doi		= {10.1002/(SICI)1097-0363(199801)27:1/4<41::AID-FLD649>3.0.CO;2-5}
		  ,
  journal	= {International Journal for Numerical Methods in Fluids},
  number	= {1-4},
  pages		= {41-55},
  title		= {Unstructured mesh procedures for the simulation of
		  three-dimensional transient compressible inviscid flows
		  with moving boundary components},
  volume	= {27},
  year		= {1998},
  bdsk-url-1	= {http://dx.doi.org/10.1002/(SICI)1097-0363(199801)27:1/4%3C41::AID-FLD649%3E3.0.CO;2-5}
		  
}

@Article{	  hecht2000,
  title		= "A better, more discriminating test problem for ocean
		  tracer transport",
  journal	= "Ocean Modelling",
  volume	= "2",
  number	= "1-2",
  pages		= "1 - 15",
  year		= "2000",
  note		= "",
  issn		= "1463-5003",
  doi		= "DOI: 10.1016/S1463-5003(00)00004-4",
  url		= "http://www.sciencedirect.com/science/article/B6VPS-43GSYPP-1/2/201c061d4a175d2665048cb148a77b56"
		  ,
  author	= "Matthew W. Hecht and Beth A. Wingate and Patricia Kassis"
}

@Article{	  heyran82,
  author	= {J. G. Heywood and R. Rannacher},
  journal	= sijna,
  pages		= {275--311},
  title		= {Finite element approximation of the nonstationary
		  {N}avier-{S}tokes problem. {I}. {R}egularity of solutions
		  and second-order error estimates for spatial
		  discretization},
  volume	= {19},
  year		= {1982}
}

@Article{	  heyran90,
  author	= {J. G. Heywood and R. Rannacher},
  journal	= sijna,
  pages		= {353--384},
  title		= {Finite element approximation of the nonstationary
		  {N}avier-{S}tokes problem. {IV}. {E}rror analysis for
		  second-order time discetization},
  volume	= {27},
  year		= {1990}
}

@Article{	  hide1952,
  author	= {Hide, R.},
  title		= {{A model experiment on thermal convection in the Earth's
		  core}},
  journal	= {Annales de G{\'e}ophysique},
  year		= {1952},
  volume	= {8},
  pages		= {17--18},
  comment	= {Checked 08/12/2010}
}

@Article{	  hide1953,
  author	= {Hide, R.},
  title		= {{Some experiments on thermal convection in a rotating
		  liquid}},
  journal	= {Quarterly Journal of the Royal Meteorological Society},
  year		= {1953},
  volume	= {79},
  pages		= {161},
  number	= {339},
  comment	= {Checked 04/10/2010},
  publisher	= {John Wiley \& Sons}
}

@Article{	  hide1953a,
  author	= {Hide, R.},
  title		= {{Fluid motion in the earth's core and some experiments on
		  thermal convection in a rotating liquid}},
  journal	= {Fluid Models in Geophysics},
  year		= {1953},
  pages		= {101--116}
}

@InBook{	  hide1969,
  pages		= {196-221},
  title		= {{Some laboratory experiments on free thermal convection in
		  a rotating fluid subject to a horizontal temperature
		  gradient and their relation to the theory of the global
		  atmospheric circulation}},
  publisher	= {London: Royal Meteorological Society},
  year		= {1969},
  editor	= {Corby, G. A.},
  author	= {Hide, R.},
  comment	= {Checked 04/10/2010},
  journal	= {The Global Circulation of the Atmosphere}
}

@Article{	  hide1975,
  author	= {Hide, R. and Mason, P. J.},
  title		= {{Sloping convection in a rotating fluid}},
  journal	= {Advances in Physics},
  year		= {1975},
  volume	= {24},
  pages		= {47--100},
  number	= {1},
  comment	= {Checked 04/10/2010},
  publisher	= {Taylor \& Francis}
}

@Article{	  hide2006,
  author	= {Hide, R.},
  title		= {{Geomagnetism, ``Vacillation'', Atmospheric Predictability
		  and ``Deterministic Chaos''}},
  journal	= {Paths of Discovery},
  year		= {2006},
  volume	= {18},
  pages		= {257--254},
  comment	= {Checked 04/10/2010},
  publisher	= {Pontifical Academy of Sciences Acta}
}

@Article{	  hiester2011,
  author	= {Hiester, H. R. and Piggott, M. D. and Allison, P. A.},
  title		= {The impact of mesh adaptivity on the gravity current front speed in a two--dimensional lock--exchange},
  journal	= {Ocean Modelling},
  volume	= {38},
  number	= {1--2},
  pages		= {1--21},
  year		= {2011},
  doi		= {10.1016/j.ocemod.2011.01.003}
}

@Article{	  hignett1985,
  author	= {Hignett, B. P. and White, A. A. and Carter, R. D. and
		  Jackson, W. D. N. and Small, R. M.},
  title		= {{A comparison of laboratory measurements and numerical
		  simulations of baroclinic wave flows in a rotating
		  cylindrical annulus}},
  journal	= {Quarterly Journal of the Royal Meteorological Society},
  year		= {1985},
  volume	= {111},
  number	= {463},
  publisher	= {John Wiley \& Sons, Ltd Bracknell}
}

@Article {    hill2012,
  author    = {Hill, J. and Piggott, M.D. and Ham, D.A. and Popova, E.E. 
           and Srokosz, M.A.},
  issn      = {14635003},
  journal   = {Ocean Modelling},
  keywords  = {adaptive mesh,finite element,turbulence parameterisation,unstructured mesh},
  month     = jul,
  pages     = {1--15},
  title     = {{On the performance of a generic length scale turbulence model within an adaptive finite element ocean model}},
  doi       = {10.1016/j.ocemod.2012.07.003},
  volume    = {56},
  year      = {2012}
}

@Article{	  hindmarsh1983,
  title		= {{ODEPACK, a systematized collection of ODE solvers}},
  author	= {Hindmarsh, A.C.},
  journal	= {Scientific computing: applications of mathematics and
		  computing to the physical sciences},
  volume	= {1},
  pages		= {55--64},
  year		= {1983}
}

@Article{	  houston2001,
  author	= {Houston, P. and S{\"{u}}li, E.},
  title		= {$hp$-{A}daptive discontinuous {G}alerkin Finite Element
		  Methods for First-Order Hyperbolic Problems},
  journal	= {SIAM Journal on Scientific Computing},
  year		= {2001},
  volume	= {23},
  pages		= {1226-1252},
  number	= {4},
  doi		= {10.1137/S1064827500378799}
}

@Article{	  hrr94,
  author	= {W. Huang and Y. Ren and R. D. Russell},
  journal	= sijna,
  pages		= {709--730},
  title		= {Moving mesh partial differential equations {(MMPDES)}
		  based on the equidistribution principle},
  volume	= {31},
  year		= {1994}
}

@Article{	  huang2005,
  author	= {W. Huang},
  title		= {Metric tensors for anisotropic mesh generation},
  journal	= {Journal of Computational Physics},
  volume	= {204},
  number	= {2},
  pages		= {633-665},
  year		= {2005},
  doi		= {10.1016/j.jcp.2004.10.024}
}

@Article{	  hughes1987,
  author	= {Hughes, T. J. R.},
  title		= {{Recent progress in the development and understanding of
		  SUPG methods with special reference to the compressible
		  Euler and Navier-Stokes equations}},
  journal	= {International Journal for Numerical Methods in Fluids},
  year		= {1987},
  volume	= {7},
  pages		= {1261--1275},
  number	= {11},
  comment	= {Checked 04/10/2010},
  publisher	= {John Wiley \& Sons}
}

@Article{	  hughesiv,
  author	= {T. J. R. Hughes and M. Mallet},
  journal	= cmame,
  pages		= {329--336},
  title		= {A new finite element formulation for computational fluid
		  dynamics: {IV}. {A} discontinuity-capturing operator for
		  multidimensional advective-diffusion systems},
  volume	= {58},
  year		= {1986}
}

@Article{	  huppert_06,
  eprint	= {http://journals.cambridge.org/article_S002211200600930X},
  author	= {Huppert, H. E.},
  title		= {Gravity currents: a personal perspective},
  journal	= {Journal of Fluid Mechanics},
  volume	= {554},
  pages		= {299-322},
  year		= {2006}
}

@Article{	  huppert_80,
  author	= {H. E. Huppert and J. E. Simpson},
  title		= {The slumping of gravity currents},
  journal	= {Journal of Fluid Mechanics},
  volume	= {99},
  number	= {4},
  pages		= {785-799},
  year		= {1980}
}

@Article{	  ilinca_97,
  author	= {F. Ilinca and D. Pelletier},
  title		= {AN ADAPTIVE FINITE ELEMENT METHOD FOR A TWO- EQUATION TURBULENCE MODEL IN WALL-BOUNDED FLOWS},
  journal	= {INTERNATIONAL JOURNAL FOR NUMERICAL METHODS IN FLUIDS},
  volume	= {24},
  number	= {},
  pages		= {101--120},
  year		= {1997}
}

@Book{		  ishii1975,
  author	= {M. Ishii},
  title		= {Thermo-Fluid Dynamic Theory of Two-Phase Flow},
  publisher	= {Eyrolles},
  year		= {1975}
}

@Article{	  iskand03,
  author	= {M. Iskandarani and D. B. Haidvogel and J. C. Levin},
  journal	= jcp,
  pages		= {397--425},
  title		= {A three-dimensional spectral element method for the
		  solution of the hydrostatic primitive equations},
  volume	= {186},
  year		= {2003}
}

@Article{         Jacobs_etal_2013,
   author       = {Jacobs, C. T. and Collins, G. S. and Piggott, M. D. and Kramer, S. C. and Wilson, C. R. G.},
   title        = {Multiphase flow modelling of volcanic ash particle settling in water using adaptive unstructured meshes},
   journal      = {Geophysical Journal International},
   year         = {2013},
   volume       = {192},
   number       = {2},
   pages        = {647--665},
   doi          = {10.1093/gji/ggs059}
}

@Article{	  jarrin_06,
  author	= {N. Jarrin and S. Benhamadouche and D. Laurence and R. Prosser},
  journal	= {International Journal of Heat and Fluid Flow},
  pages		= {585--593},
  title		= {A synthetic-eddy-method for generating inflow conditions for large-eddy simulations},
  volume	= {27},
  year		= {2006}
}

@Article{jenkins95,
         author = {A. Jenkins and A. Bombosch},
         title = {Modeling the effects of frazil ice crystals on the dynamics and thermodynamics of Ice Shelf Water plumes},
         journal = jgr,
         year = {1995},
         volume =  100,
         pages = {6967--6981}
}

@Book{		  johnson,
  author	= {C. Johnson},
  publisher	= cup,
  title		= {Numerical {S}olution of {P}artial {D}ifferential
		  {E}quations by the {F}inite {E}lement {M}ethod},
  year		= {1987}
}

@Article{	  jones1993,
  author	= {H. Jones and J. Marshall},
  journal	= jpo,
  pages		= {1009--1039},
  title		= {Convection with rotation in a neutral ocean: a study of
		  open-ocean deep convection},
  volume	= {23},
  year		= {1993}
}

@Article{	  jones1997,
  author	= {{Jones}, H. and {Marshall}, J.},
  title		= "{Restratification after Deep Convection}",
  journal	= {Journal of Physical Oceanography},
  year		= 1997,
  month		= oct,
  volume	= 27,
  pages		= {2276-2287},
  doi		= {10.1175/1520-0485(1997)027<2276:RADC>2.0.CO;2},
  adsurl	= {http://adsabs.harvard.edu/abs/1997JPO....27.2276J},
  adsnote	= {Provided by the SAO/NASA Astrophysics Data System}
}

@Article{	  kantha1994,
  author	= {Kantha, Lakshmi H. and Clayson, Carol Anne},
  title		= {An improved mixed layer model for geophysical
		  applications},
  journal	= {Journal of Geophysical Research},
  year		= {1994},
  volume	= {99},
  pages		= {25235-25266},
  number	= {C12},
  doi		= {10.1029/94JC02257},
  publisher	= {American Geophysical Union},
  timestamp	= {2009.11.11}
}

@Book{		  kantha2000,
  title		= {{Numerical Models of Oceans and Oceanic Processes}},
  publisher	= {{Academic Press, International Geophysics Series, San
		  Diego}},
  year		= {2000},
  author	= {L. H. Kantha and C. A. Clayson},
  pages		= {940}
}

@Article{	  kara2005,
  author	= {Kara, A. Birol and Hurlburt, Harley E. and Wallcraft, Alan
		  J.},
  title		= {Stability-Dependent Exchange Coefficients for Air-Sea
		  Fluxes*},
  journal	= {Journal of Atmospheric and Oceanic Technology},
  year		= {2005},
  volume	= {22},
  pages		= {1080-1094},
  number	= {7},
  doi		= {10.1175/JTECH1747.1}
}

@Article{	  keulegan_57,
  author	= {G. H. Keulegan},
  title		= {An experimental study of the motion of saline water from
		  locks into fresh water channels},
  journal	= {National Bureau of Standards Report},
  number	= {5168},
  year		= {1957}
}

@Article{	  klemp_94,
  author	= {J. B. Kelmp and R. Rotunno and W. C. Skamarock},
  title		= {On the dynamics of gravity currents in a channel},
  journal	= {Journal of Fluid Mechanics Digital Archive},
  year		= {1994},
  volume	= {269},
  pages		= {169-198},
  doi		= {10.1017/S0022112094001527},
  eprint	= {http://journals.cambridge.org/article_S0022112094001527},
  url		= {http://journals.cambridge.org/action/displayAbstract?fromPage=online\&aid=352578\&fulltextType=RA\&fileId=S0022112094001527}
		  
}

@Article{	  knupp2003,
  author	= {P. M. Knupp},
  title		= {Algebraic mesh quality metrics for unstructured initial
		  meshes},
  journal	= {Finite Elements in Analysis and Design},
  volume	= {39},
  number	= {3},
  pages		= {207-216},
  year		= {2003}
}

@article{         kramer2012,
  title         = {An implicit free surface algorithm for geodynamical simulations},
  author        = {Kramer, Stephan C. and Wilson, Cian R. and Davies, D. Rhodri},
  journal       = {Physics of the Earth and Planetary Interiors},
  volume        = {194},
  pages         = {25--37},
  year          = {2012},
  doi           = {10.1016/j.ocemod.2010.08.001}
}

@Article{	  kramer2010,
  author	= {Kramer, Stephan C. and Cotter, Colin J. and Pain,
		  Christopher C.},
  title		= {Solving the Poisson equation on small aspect ratio
		  domains using unstructured meshes},
  journal	= {Ocean Modelling},
  volume        = {35},
  number        = {3},
  pages         = {253--263},
  year		= {2010},
  doi           = {10.1016/j.pepi.2012.01.001}
}

@Article{	  ku2010,
  author	= {D. Kuzmin},
  title		= {A vertex-based hierarchical slope limiter for p-adaptive
		  discontinuous {G}alerkin methods},
  journal	= {J. Comp. and App. Math.},
  year		= 2010,
  volume	= 233,
  number	= 12,
  pages		= {3077--3085}
}

@article{kuzmin2007,
	Author = {Kuzmin, D. and Mierka, O. and Turek, S.},
	Journal = {International Journal of Computing Science and Mathematics},
	Number = {2-4},
	Pages = {193-206},
	Title = {on the implementation of the k-epsilon turbulence model in incompressible flow solvers based on a finite element discretisation},
	Volume = {1},
	Year = {2007}
}

@Book{		  lady69,
  author	= {O. Ladyzhenskaya},
  publisher	= {Gordon and {B}reach {S}cience {P}ublishers},
  title		= {Mathematical {T}heory of {V}iscous {I}ncompressible
		  {F}lows},
  year		= {1969}
}

@Book{		  lakehal_interface_2002,
  title		= {Interface tracking towards the direct simulation of heat
		  and mass transfer in multiphase flows},
  volume	= {23},
  publisher	= {Elsevier Science Inc},
  author	= {D. Lakehal and M. Meier and M. Fulgosi},
  year		= {2002}
}

@Book{		  landau,
  title		= {{Fluid mechanics. Volume 6 of Course of Theoretical
		  Physics. Transl. from the Russian by JB Sykes and WH
		  Reid}},
  author	= {Landau, LD and Lifshitz, EM},
  year		= {1987},
  publisher	= {Oxford}
}

@TechReport{	  large2004,
  author	= {Large, W. and Yeager, S.},
  institution	= {NCAR Technical Report TN-460+ST},
  timestamp	= {2009.11.25},
  title		= {Diurnal to decadal global forcing for ocean and seaice
		  models: the data sets and climatologies},
  year		= {2004}
}

@Article{	  laug2002,
  publisher	= {Springer},
  author	= {Laug, P. and Borouchaki, H.},
  title		= {Molecular Surface Modeling and Meshing},
  journal	= {Engineering with Computers},
  volume	= {18},
  number	= {3},
  pages		= {199-210},
  year		= {2002}
}

@Article{	  le1997,
  author	= {H. Le and P. Moin and J. Kim},
  journal	= jfm,
  pages		= {349--374},
  title		= {Direct numerical simulation of turbulent flow over a
		  backward-facing step},
  volume	= {330},
  year		= {1997}
}

@Article{	  ledger2003,
  author	= {Ledger, P. D. and Morgan, K. and Peraire, J. and Hassan,
		  O. and Weatherill, N. P.},
  doi		= {10.1016/S0168-874X(03)00057-X},
  journal	= {Finite Elements in Analysis and Design},
  note		= {14th Robert J. Melosh Competition},
  number	= {8},
  pages		= {751-764},
  title		= {The development of an $hp$-adaptive finite element
		  procedure for electromagnetic scattering problems},
  volume	= {39},
  year		= {2003},
  bdsk-url-1	= {http://dx.doi.org/10.1016/S0168-874X(03)00057-X}
}

@Article{	  lee2003,
  author	= {Lee, C. K.},
  title		= {Automatic metric {3D} surface mesh generation using
		  subdivision surface geometrical model. {P}art {II}: Mesh
		  generation algorithm and examples},
  journal	= {International Journal for Numerical Methods in
		  Engineering},
  volume	= {56},
  pages		= {1615-1646},
  year		= {2003}
}

@Article{	  lee_numerical_2002,
  title		= {Numerical Simulations of Hydraulic Jumps in Water Sloshing
		  and Water Impacting},
  volume	= {124},
  url		= {http://link.aip.org/link/?JFG/124/215/1},
  doi		= {10.1115/1.1436097},
  number	= {1},
  journal	= {Journal of Fluids Engineering},
  author	= {{T.-H.} Lee and Z. Zhou and Y. Cao},
  year		= {2002},
  pages		= {215--226}
}

@Article{         leonard1974,
author          = {Leonard, A},
title           = {Energy cascade in large eddy simulation of turbulent fluid flow},
volume          = {18 A},
journal         = {Advances in Geophysics},
pages           = {237-248},
year            = {1974}
}

@Article{	  leonard_ultimate_1991,
  title		= {The {ULTIMATE} conservative difference scheme applied to
		  unsteady one-dimensional advection},
  volume	= {88},
  issn		= {0045-7825},
  url		= {http://www.sciencedirect.com/science/article/B6V29-48050F8-X/2/7bd4f5a59bfe567b5bdb9b36bd1898a1}
		  ,
  doi		= {10.1016/0045-7825(91)90232-U},
  number	= {1},
  journal	= {Computer Methods in Applied Mechanics and Engineering},
  author	= {B. P. Leonard},
  month		= jun,
  year		= {1991},
  pages		= {17--74}
}

@Book{		  leveque_finite-volume_2002,
  address	= {Cambridge},
  title		= {Finite-volume methods for hyperbolic problems},
  publisher	= {Cambridge University Press},
  author	= {R. J. {LeVeque}},
  year		= {2002},
  keywords	= {Differential equations, Hyperbolic Numerical solutions.
		  Finite volume method. Conservation laws {(Mathematics)}}
}

@Article{	  li2005,
  key		= {li2005},
  author	= {X. Li and M. S. Shephard and M. W. Beall},
  title		= {3{D} anisotropic mesh adaptation by mesh modification},
  journal	= {Computer Methods in Applied Mechanics and Engineering},
  volume	= {194},
  pages		= {4915-4950},
  year		= {2005},
  doi		= {10.1016/j.cma.2004.11.019}
}

@article{lilly1991,
    title = {A proposed modification of the Germano subgrid-scale closure method}, 
    publisher = {AIP}, 
    year = {1992}, 
    doi = {10.1063/1.858280}, 
    issn = {08998213}, 
    journal = {Physics of Fluids A},
    volume = {4}, 
    number = {3}, 
    pages = {633-635}, 
    author = {D. K. Lilly}, 
}

@Book{		  liu2008advanced,
  title		= {Advanced numerical models for simulating tsunami waves and
		  runup},
  author	= {Liu, P.L.F.},
  volume	= {10},
  year		= {2008},
  publisher	= {World Scientific Pub Co Inc}
}

@Article{	  lohner1995,
  author	= {R. L\"ohner},
  title		= {Robust, Vectorized Search Algorithms for Interpolation on
		  Unstructured Grids},
  journal	= {Journal of Computational Physics},
  volume	= {118},
  number	= {2},
  pages		= {380-387},
  year		= {1995},
  doi		= {10.1006/jcph.1995.1107}
}

@Article{	  lohner1996,
  author	= {L\"ohner, R.},
  title		= {Extensions and improvements of the advancing front grid
		  generation technique},
  journal	= {Communications in Numerical Methods in Engineering},
  volume	= {12},
  number	= {10},
  pages		= {683-702},
  year		= {1996},
  doi		= {10.1002/(SICI)1099-0887(199610)12:10<683::AID-CNM983>3.0.CO;2-1}
		  
}

@Article{	  lohner85,
  author	= {R. L{\"o}hner and K. Morgan and K. O. Zienkiewicz},
  title		= {An adaptive finite element procedure for compressible high
		  speed flows},
  journal	= cmame,
  year		= {1985},
  volume	= {51},
  pages		= {441--465}
}

@Article{	  lorenz1963,
  author	= {Lorenz, E. N.},
  title		= {{Deterministic nonperiodic flow}},
  journal	= {Journal of the Atmospheric Sciences},
  year		= {1963},
  volume	= {20},
  pages		= {130--141},
  comment	= {Checked 04/10/2010},
  publisher	= {American Meteorological Society}
}

@Book{		  lorenz1967,
  title		= {{The nature and theory of the general circulation of the
		  atmosphere}},
  publisher	= {World Meteorological Organisation},
  year		= {1967},
  author	= {Lorenz, Edward N.},
  comment	= {Checked 04/10/2010}
}

@article{loseille2010i,
	author = {Loseille, Adrien and Alauzet, Fr\'ed\'eric},
	title = {Continuous {M}esh {F}ramework {P}art {I}: {W}ell--{P}osed {C}ontinuous {I}nterpolation {E}rror},
	journal = {SIAM Journal on Numerical Analysis},
	volume = {49},
	number = {1},
	pages = {38--60},
	year = {2011},
	doi = {10.1137/090754078},
}

@article{loseille2010ii,
	author = {Loseille, Adrien and Alauzet, Fr\'ed\'eric},
	title = {Continuous {M}esh {F}ramework {P}art {I}{I}:{V}alidations and {A}pplications},
	journal = {SIAM Journal on Numerical Analysis},
	volume = {49},
	number = {1},
	pages = {61--86},
	year = {2011},
	doi = {10.1137/10078654X},
}


@Article{	  love1909,
  author	= {A. E. H. Love},
  title		= {{The yielding of the Earth to disturbing forces}},
  journal	= {Proceedings of the Royal Society of London. Series A,
		  Containing Papers of a Mathematical and Physical
		  Character},
  volume	= 82,
  number	= 551,
  pages		= {73--88},
  year		= 1909
}

@Article{	  lyard2006,
  author	= {F. Lyard and F. Lefevre and T. Letellier and O. Francis},
  title		= {{Modelling the global ocean tides: Modern insights from
		  FES2004}},
  year		= 2006,
  journal	= {Ocean Dynamics},
  volume	= 56,
  pages		= {394--415}
}

@Article{	  martin_part_1952,
  title		= {Part {IV.} An Experimental Study of the Collapse of Liquid
		  Columns on a Rigid Horizontal Plane},
  volume	= {244},
  issn		= {00804614},
  url		= {http://www.jstor.org/stable/91519},
  number	= {882},
  journal	= {Philosophical Transactions of the Royal Society of London.
		  Series A, Mathematical and Physical Sciences},
  author	= {J. C. Martin and W. J. Moyce},
  year		= {1952},
  pages		= {312--324}
}

@Book{		  mathieu2000,
  author	= {Mathieu, J. and Scott, J.},
  publisher	= {Cambridge University Press},
  title		= {An Introduction to Turbulent Flow},
  year		= {2000}
}

@Article{	  mcdougall2003,
  author	= {McDougall, Trevor J. and Jackett, David R. and Wright,
		  Daniel G. and Feistel, Rainer},
  title		= {Accurate and Computationally Efficient Algorithms for
		  Potential Temperature and Density of Seawater},
  journal	= {Journal of Atmospheric and Oceanic Technology},
  year		= {2003},
  volume	= {20},
  pages		= {730-741},
  number	= {5},
  owner		= {jhill1},
  timestamp	= {2009.11.26}
}

@Book{mcpheebook,
         author = {M.G. McPhee},
         title = {Air-Ice-Ocean Interaction},
         year = {2008},
         publisher = {Springer}
}


@Article{	  mellor1982,
  author	= {Mellor, George L. and Yamada, Tetsuji},
  title		= {Development of a turbulence closure model for geophysical
		  fluid problems},
  journal	= {Reviews of Geophysics},
  year		= {1982},
  volume	= {20},
  pages		= {851-875},
  number	= {4},
  doi		= {10.1029/RG020i004p00851},
  issn		= {8755-1209}
}

@Book{		  mellor1996,
  title		= {{Introduction to Physical Oceanography}},
  publisher	= {{Springer-Verlag, New York}},
  year		= {1996},
  author	= {G.~L. Mellor},
  pages		= {284}
}

@Article{	  melloretal,
  author	= {G. L. Mellor and L.-Y. Oey and T. Ezer},
  title		= {Sigma coordinate pressure gradient errors and the seamount
		  problem},
  journal	= {J. Atmos. Oceanic Tech.},
  year		= {1998},
  volume	= {15},
  pages		= {1122--1131}
}

@Article{	  micheletti2006,
  author	= {Micheletti, S. and Perotto, S.},
  journal	= {Computer Methods in Applied Mechanics and Engineering},
  number	= {9-12},
  pages		= {799--835},
  publisher	= {Elsevier},
  title		= {{Reliability and efficiency of an anisotropic
		  Zienkiewicz--Zhu error estimator}},
  volume	= {195},
  year		= {2006}
}

@Article{         nicoud1999,
  author	= {Nicoud, F and Durcos, F.},
  title		= {Subgrid-scale stress modelling based on the square of
		  the velocity gradient tensor},
  journal	= {Flow, Turbulence and Combustion},
  year		= {1999},
  volume	= {3},
  pages		= {183-200}
}

@Article{	  oden01,
  author	= {J. T. Oden and S. Prudhomme},
  title		= {Goal-oriented error estimation and adaptivity for the
		  finite element method},
  journal	= cma,
  year		= {2001},
  volume	= {41},
  pages		= {735-756}
}

@Article{	  ogura62,
  author	= {Y. Ogura and N. Phillips},
  title		= {Scale analysis for deep and shallow convection in the
		  atmosphere},
  journal	= {J. Atmos. Sci},
  year		= {1962},
  volume	= {19},
  pages		= {173-179}
}

@Article{	  owen2000,
  author	= {Owen, S. J. and Saigal, S.},
  title		= {Surface mesh sizing control},
  journal	= {International Journal for Numerical Methods in
		  Engineering},
  volume	= {47},
  number	= {497},
  pages		= {511},
  year		= {2000},
  doi		= {10.1002/(SICI)1097-0207(20000110/30)47:1/3<497::AID-NME781>3.0.CO;2-H}
		  
}

@Article{	  ozgokmen_07,
  author	= {T. M. \"Ozg\"okmen and T. Iliescu and P. F. Fischer and A.
		  Srinivasan and J. Duan},
  doi		= {10.1016/j.ocemod.2006.08.006},
  journal	= {Ocean Modelling},
  pages		= {106-140},
  title		= {Large eddy simulation of stratified mixing in
		  two-dimensional dam-break problem in a rectangular enclosed
		  domain},
  volume	= {16},
  year		= {2007},
  bdsk-url-1	= {http://dx.doi.org/10.1016/j.ocemod.2006.08.006}
}

@Article{	  pain2001,
  author	= {C. C. Pain and A. P. Umpleby and C. R. E. de Oliveira and
		  A. J. H. Goddard},
  doi		= {10.1016/S0045-7825(00)00294-2},
  journal	= {Computer Methods in Applied Mechanics and Engineering},
  number	= {29-30},
  pages		= {3771-3796},
  title		= {Tetrahedral mesh optimisation and adaptivity for
		  steady-state and transient finite element calculations},
  volume	= {190},
  year		= {2001},
  bdsk-url-1	= {http://dx.doi.org/10.1016/S0045-7825(00)00294-2}
}

@Book{		  panton2006,
  title		= {{Incompressible flow}},
  author	= {Panton, R.L.},
  year		= {2006},
  publisher	= {Wiley India Pvt. Ltd.}
}

@Article{	  parent2008,
  author	= {Parent, G. and Dular, P. and Ducreux, J. P. and Piriou,
		  F.},
  title		= {Using a {G}alerkin Projection Method for Coupled
		  Problems},
  journal	= {IEEE Transactions on Magnetics},
  volume	= {44},
  number	= {6},
  pages		= {830-833},
  year		= {2008},
  doi		= {10.1109/TMAG.2008.915798}
}

@Article{	  park_volume-of-fluid_2009,
  title		= {A volume-of-fluid method for incompressible free surface
		  flows},
  url		= {http://dx.doi.org/10.1002/fld.2000},
  doi		= {10.1002/fld.2000},
  journal	= {International Journal for Numerical Methods in Fluids},
  author	= {I. R. Park and K. S. Kim and J. Kim and S. H. Van},
  year		= {2009}
}

@Book{		  pedlosky,
  author	= {J. Pedlosky},
  edition	= {Second},
  publisher	= {{S}pringer-{V}erlag},
  title		= {Geophysical fluid dynamics},
  year		= {1987}
}

@Article{	  peraire1987,
  author	= {J. Peraire and M. Vahdati and K. Morgan and O.C
		  Zienkiewicz},
  doi		= {10.1016/0021-9991(87)90093-3},
  journal	= {Journal of Computational Physics},
  number	= {2},
  pages		= {449-466},
  title		= {Adaptive remeshing for compressible flow computations},
  volume	= {72},
  year		= {1987},
  bdsk-url-1	= {http://dx.doi.org/10.1016/0021-9991(87)90093-3}
}

@Article{	  peraire1993,
  author	= {Peraire, J. and Peir\'o, J. and Morgan, K.},
  title		= {Finite element multigrid solution of {E}uler flows past
		  installed aero-engines},
  journal	= {Computational Mechanics},
  volume	= {11},
  number	= {5},
  pages		= {433-451},
  year		= {1993},
  doi		= {10.1007/BF00350098}
}

@Article{	  peraire2008,
  author	= {J. Peraire and P. O. Persson},
  doi		= {10.1137/070685518},
  journal	= {Siam J. Sci. Comput.},
  number	= {4},
  pages		= {1806-1824},
  title		= {{The Compact Discontinuous Galerkin (CDG) Method For
		  Elliptic Problems}},
  volume	= {30},
  year		= {2008}
}

@Article{	  persson2006,
  author	= {P.-O. Persson},
  title		= {Mesh size functions for implicit geometries and
		  {PDE}-based gradient limiting},
  journal	= {Engineering with Computers},
  volume	= {22},
  number	= {2},
  pages		= {95-109},
  year		= {2006},
  doi		= {10.1007/s00366-006-0014-1}
}

@Article{	  pierce00,
  author	= {N. A. Pierce and M. B. Giles},
  journal	= {SIAM Review},
  pages		= {247-264},
  title		= {Adjoint recovery of superconvergent functionals from {PDE}
		  approximations},
  volume	= {42},
  year		= {2000}
}

@Article{	  piggott2009,
  author	= {M. D. Piggott and P. E. Farrell and C. R. Wilson and G. J.
		  Gorman and C. C. Pain},
  title		= {Anisotropic mesh adaptivity for multi-scale ocean
		  modelling},
  journal	= {Philosophical Transactions of the Royal Society A},
  volume	= {367},
  number	= {1907},
  pages		= {4591-4611},
  year		= {2009},
  doi		= {10.1098/rsta.2009.0155}
}

@Article{         piomelli1990,
  author	= {Piomelli, Ugo and Zang, Thomas and Speziale Charles and
                   Hussaini, Yousuff},
  title		= {On the large-eddy simulation of transitiona wall-bounded
                   flows},
  journal	= {Physics of Fluids A},
  volume	= {2},
  pages		= {257-265},
  year		= {1990},
}

@Book{            pope2000,
  author         = {Pope, Stephen B.},
  title          = {Turbulent Flows},
  publisher      = {Cambridge University Press},
  year           = {2000}
}

@ARTICLE{popova2006,
  author = {Popova, E. E. and Coward, A. C. and Nurser, G. A. and de Cuevas,
	B. and Fasham, M. J. R. and Anderson, T. R.},
  title = {Mechanisms controlling primary and new production in a global ecosystem
	model -- Part I: Validation of the biological simulation},
  journal = {Ocean Science},
  year = {2006},
  volume = {2},
  pages = {249--266},
  number = {2},
  doi = {10.5194/os-2-249-2006},
}

@Article{	  power2006,
  author	= {P. W. Power and C. C. Pain and M. D. Piggott and G. J.
		  Gorman and D. P. Marshall and A. J. H. Goddard and I. M.
		  Navon},
  doi		= {10.1016/j.ocemod.2006.05.001},
  journal	= {Ocean Modelling},
  keywords	= {adaptivity, error metric, interpolation error, adjoint,
		  goal based metrics},
  number	= {1-2},
  pages		= {3},
  title		= {Adjoint goal-based error norms for adaptive mesh ocean
		  modelling},
  volume	= {15},
  year		= {2006},
  bdsk-url-1	= {http://dx.doi.org/10.1016/j.ocemod.2006.05.001}
}

@Book{		  prosperettietal2007,
  author	= {A. Prosperetti and G. Tryggvason},
  title		= {Computational Methods for Multiphase Flow},
  publisher	= {Cambridge University Press},
  year		= {2007}
}

@Book{		  pugh1987,
  title		= {{Tides, Surges and Mean Sea-Level: A Handbook for
		  Engineers and Scientists}},
  publisher	= {{Wiley, Chichester}},
  year		= {1987},
  author	= {D. T. Pugh},
  pages		= {472}
}

@Article{	  raymond1976,
  author	= {Raymond, W. H. and Garder, A.},
  journal	= {Monthly weather review},
  number	= {12},
  pages		= {1583--1590},
  publisher	= {American Meteorological Society},
  title		= {{Selective damping in a Galerkin method for solving wave
		  problems with variable grids}},
  volume	= {104},
  year		= {1976}
}

@Article{	  read2003,
  author	= {Read, P. L.},
  title		= {{A combined laboratory and numerical study of heat
		  transport by baroclinic eddies and axisymmetric flows}},
  journal	= {Journal of Fluid Mechanics},
  year		= {2003},
  volume	= {489},
  pages		= {301--323},
  comment	= {Checked 05/10/2010},
  publisher	= {Cambridge University Press}
}

@Article{	  rousset09,
  author	= {{Rousset}, C. and {Houssais}, {M.-N.} and {Chassignet},
		  E.~P. },
  title		= "{A multi-model study of the restratification phase in an
		  idealized convection basin}",
  journal	= {Ocean Modelling},
  year		= 2009,
  volume	= 26,
  pages		= {115-133},
  doi		= {10.1016/j.ocemod.2008.08.005},
  adsurl	= {http://adsabs.harvard.edu/abs/2009OcMod..26..115R},
  adsnote	= {Provided by the SAO/NASA Astrophysics Data System}
}

@Article{	  saad,
  author	= {Y. Saad and M. H. Schultz},
  journal	= sijssc,
  pages		= {856--869},
  title		= {{GMRES}, a generalised minimum residual algorithm for
		  solving nonsymmetric linear systems},
  volume	= {7},
  year		= {1986}
}

@Article{	  saad1993,
  author	= {Saad, Yousef},
  title		= {A flexible inner-outer preconditioned {GMRES} algorithm},
  journal	= {SIAM J. Sci. Comput.},
  volume	= {14},
  number	= {2},
  year		= {1993},
  issn		= {1064-8275},
  pages		= {461--469},
  doi		= {http://dx.doi.org/10.1137/0914028},
  publisher	= {Society for Industrial and Applied Mathematics},
  address	= {Philadelphia, PA, USA}
}

@Book{            sagaut1998,
  author        = {Sagaut, Pierre},
  title         = {Large Eddy Simulation for Incompressible Flows},
  publisher     = {Springer},
  ISBN          = {3-540-43753-3},
  year          = {1998}
}

@TechReport{	  salari2000,
  institution	= {Sandia National Laboratories, Albuquerque, NM},
  author	= {K. Salari and P. Knupp},
  title		= {Code Verification by the Method of Manufactured
		  Solutions},
  number	= {SAND2000-1444},
  year		= {2000}
}

@InCollection{	  schafer1996,
  booktitle	= {Flow Simulation with High-Performance Computers, II: DFG
		  Priority Research Program Results 1993{--}1995},
  editor	= {E. H. Hirschel et al.},
  series	= {Notes on Numerical Fluid Mechanics},
  author	= {Sch\"afer, M. and Turek, S. and Durst, F. and Krause, E.
		  and Rannacher, R.},
  title		= {Benchmark Computations of Laminar Flow Around a Cylinder},
  volume	= {52},
  pages		= {547-566},
  year		= {1996},
  publisher     = {Friedrich Vieweg \& Sohn Verlagsgesellschaft mbH}
}

@Article{	  schultz69a,
  author	= {M. H. Schultz},
  journal	= sijna,
  pages		= {161--183},
  title		= {${L}^{\infty}$-multivariate approximation theory},
  volume	= {6},
  year		= {1969}
}

@Article{	  schwiderski1980,
  author	= {E. W. Schwiderski},
  journal	= rgsp,
  pages		= {243--268},
  title		= {On Charting Global Ocean Tides},
  volume	= {18},
  year		= {1980}
}

@Article{	  shen96,
  author	= {J. Shen},
  journal	= mc,
  pages		= {1039--1065},
  title		= {On error estimates of the projection methods for the
		  {N}avier-{S}tokes equations: {S}econd-order schemes},
  volume	= {65},
  year		= {1996}
}

@Article{	  sherwin2006,
  author	= {S.J. Sherwin and R.M. Kirby and J. Peir\`o and R.L. Taylor
		  and O.C. Zienkiewicz},
  title		= {On {2D} elliptic discontinuous {G}alerkin methods},
  journal	= {Int. J. Num. Meth. Eng.},
  year		= 2006,
  volume	= 65,
  number	= 5,
  pages		= {752--784}
}

@Unpublished{	  shewchuk1994,
  title		= {An introduction to the conjugate gradient method without
		  the agonizing pain},
  author	= {J. R. Shewchuk},
  note		= {http://www.cs.cmu.edu/\textasciitilde
		  quake-papers/painless-conjugate-gradient.pdf},
  year		= 1994,
}

@Article{	  shin_04,
  author	= {J. O. Shin and S. B. Dalziel and P. F. Linden},
  title		= {Gravity currents produced by lock exchange},
  journal	= {jfm},
  volume	= {521},
  pages		= {1-34},
  year		= {2004}
}

@Article{	  shum1997,
  author	= {C. K. Shum and P. L. Woodworth and O. B. Andersen and G.
		  D. Egbert and O. Francis and C. King and S. M. Klosko and
		  C. {Le Provost} and X. Li and J-M. Molines and M. E. Parke
		  and R. D. Ray and M. G. Schalx and D. Stammer and C. C.
		  Tierney and P. Vincent and C. I. Wunsch},
  title		= {{Accuracy assessment of recent ocean tide models}},
  journal	= {J. Geophys. Res.},
  volume	= {102(C11)},
  pages		= {25,173--25,19},
  year		= {1997}
}

@Article{	  simpson1994,
  author	= {Simpson, R. B.},
  title		= {Anisotropic mesh transformations and optimal error
		  control},
  journal	= {Applied Numerical Mathematics},
  volume	= {14},
  number	= {1-3},
  pages		= {183-198},
  year		= {1994},
  doi		= {10.1016/0168-9274(94)90025-6}
}

@Article{	  simpson_79,
  author	= {J.E. Simpson and R. E. Britter},
  title		= {The dynamics of the head of a gravity current advancing
		  over a horizontal surface},
  journal	= {jfm},
  volume	= {94},
  number	= {3},
  pages		= {477-495},
  year		= {1979}
}

@Book{		  simpson_87,
  author	= {J. E. Simpson},
  title		= {Gravity {C}urrents in the {E}nvironment and the
		  {L}aboratory},
  publisher	= {Ellis Horwood Ltd},
  year		= {1987}
}

@Article{	  smagorinsky1963general,
  author	= {Smagorinsky, J.},
  date-added	= {2009-11-26 15:34:52 +0000},
  date-modified	= {2009-11-26 15:34:52 +0000},
  journal	= {Monthly weather review},
  number	= {3},
  pages		= {99--164},
  publisher	= {American Meteorological Society},
  title		= {General circulation experiments with the primitive
		  equations},
  volume	= {91},
  year		= {1963}
}

@Book{		  smithgriffiths,
  author	= {I. M. Smith and D. V. Griffiths},
  edition	= {Third},
  publisher	= {John Wiley \& Sons},
  title		= {Programming the {F}inite {E}lement {M}ethod},
  year		= {1998}
}

@Article{	  smithsilv,
  author	= {A. Smith and D. Silvester},
  journal	= imajna,
  pages		= {527--545},
  title		= {Implicit algorithms and their linearization for the
		  transient incompressible {N}avier-{S}tokes equations},
  volume	= {17},
  year		= {1997}
}

@Article{	  song,
  author	= {Y. T. Song},
  journal	= mwr,
  pages		= {3213--3230},
  title		= {A general pressure gradient formulation for ocean models.
		  {P}art {I}: {S}cheme design and diagnostic analysis},
  volume	= {126},
  year		= {1998}
}

@Article{	  strouboulis,
  author	= {T. Strouboulis and J. T. Oden},
  journal	= cmame,
  pages		= {201--242},
  title		= {A posteriori error estimation of finite element
		  approximations in fluid mechanics},
  volume	= {78},
  year		= {1990}
}

@Article{	  stueben2001,
  author	= {St\"uben, Klaus},
  title		= {A review of algebraic multigrid},
  journal	= {J. Comput. Appl. Math.},
  year		= {2001},
  volume	= {128},
  pages		= {281}
}

@Article{	  sweby_high_1984,
  title		= {High Resolution Schemes Using Flux Limiters for Hyperbolic
		  Conservation Laws},
  volume	= {21},
  issn		= {00361429},
  url		= {http://www.jstor.org/stable/2156939},
  doi		= {10.2307/2156939},
  number	= {5},
  journal	= {{SIAM} Journal on Numerical Analysis},
  author	= {P. K. Sweby},
  month		= oct,
  year		= {1984},
  pages		= {995--1011}
}

@Book{		  tennekes,
  author	= {H. Tennekes and J. L. Lumley},
  publisher	= {MIT Press, Cambridge, MA},
  title		= {A first course in turbulence},
  year		= {1972}
}

@Book{		  trottenberg2001,
  author	= {Ulrich Trottenberg and Cornelis Oosterlee and Anton Sch{\"
		  u}ller},
  publisher	= {Elsevier Academic Press},
  title		= {Multigrid},
  year		= {2001}
}

@Article{	  tseng2001,
  author	= {Tseng, Yu--Heng and Joel H. Ferziger},
  title		= {Mixing and available potential energy in stratified flows},
  journal	= {Physics of Fluids},
  volume	= {13},
  number	= {5},
  pages		= {1281--1293},
  year		= {2001},
  doi		= {10.1063/1.1358307}
}

@Article{	  tsimplis1995,
  author	= {M. N. Tsimplis and R. Proctor and R. A. Flather},
  title		= {{A two-dimensional tidal model for the Mediterranean
		  Sea}},
  year		= 1995,
  journal	= {J. Geophys. Res.},
  volume	= {100(C8)},
  pages		= {16,223--16,239}
}

@Book{		  turner_73,
  author	= {J. S. Turner},
  title		= {Buoyancy effects in fluids},
  publisher	= {Cambridge University Press},
  year		= {1973}
}

@Article{	  umlauf2003,
  author	= {L. Umlauf and H. Burchard},
  title		= {A generic length-scale equation for geophysical turbulence
		  models},
  journal	= {Journal of Marine Research},
  year		= {2003},
  volume	= {61},
  pages		= {235-265(31)},
  doi		= {10.1357/002224003322005087},
  timestamp	= {2009.07.15}
}

@Article{	  umlauf2005,
  author	= {Umlauf, L and Burchard, H},
  title		= {{Second-order turbulence closure models for geophysical
		  boundary layers. A review of recent work}},
  journal	= {{Continental Shelf Research}},
  year		= {{2005}},
  volume	= {{25}},
  pages		= {{795-827}},
  number	= {{7-8}},
  doi		= {{10.1016/j.csr.2004.08.004}},
  journal-iso	= {{Cont. Shelf Res.}},
  type		= {{Review}},
  unique-id	= {{ISI:000228623000005}}
}

@Article{	  uppala2005,
  author	= {Uppala, S. M. and K\r{A}llberg, P. W. and Simmons, A. J. and
		  Andrae, U. and Bechtold, V. Da Costa and Fiorino, M. and
		  Gibson, J. K. and Haseler, J. and Hernandez, A. and Kelly,
		  G. A. and Li, X. and Onogi, K. and Saarinen, S. and Sokka,
		  N. and Allan, R. P. and Andersson, E. and Arpe, K. and
		  Balmaseda, M. A. and Beljaars, A. C. M. and Berg, L. Van De
		  and Bidlot, J. and Bormann, N. and Caires, S. and
		  Chevallier, F. and Dethof, A. and Dragosavac, M. and
		  Fisher, M. and Fuentes, M. and Hagemann, S. and H\'{o}lm, E.
		  and Hoskins, B. J. and Isaksen, L. and Janssen, P. A. E. M.
		  and Jenne, R. and Mcnally, A. P. and Mahfouf, J.-F. and
		  Morcrette, J.-J. and Rayner, N. A. and Saunders, R. W. and
		  Simon, P. and Sterl, A. and Trenberth, K. E. and Untch, A.
		  and Vasiljevic, D. and Viterbo, P. and Woollen, J.},
  title		= {The ERA-40 re-analysis},
  journal	= {Quarterly Journal of the Royal Meteorological Society},
  year		= {2005},
  volume	= {131},
  pages		= {2961-3012},
  number	= {612},
  doi		= {10.1256/qj.04.176}
}

@TechReport{	  vallet1990,
  address	= {Rocquencourt, Le Chesnay, France},
  institution	= {INRIA Rocquencourt},
  publisher	= {INRIA},
  url		= {http://www.inria.fr/RRRT/RR-1360.html},
  author	= {Vallet, M.-G.},
  title		= {G{\'{e}}n{\'{e}}ration de Maillages Anisotropes
		  Adapt{\'{e}}s {--} Application {\`{a}} la Capture de
		  Couches Limites},
  number	= {RR-1360},
  year		= {1990}
}

@Book{		  vallis2006,
  title		= {{Atmospheric and oceanic fluid dynamics: fundamentals and
		  large-scale circulation}},
  author	= {Vallis, G.K.},
  year		= {2006},
  publisher	= {Cambridge Univ Pr}
}

@Article{	  vanek1996,
  author	= {Vanek, P. and Mandel, J. and Brezina, M.},
  title		= { Algebraic Multigrid by Smoothed Aggregation for Second
		  and Fourth Order Elliptic Problems},
  journal	= {Computing},
  year		= {1996},
  volume	= {56},
  pages		= {179--196}
}

@Article{	  vangenuchten,
  author	= {M. T. Van-Genuchten},
  journal	= {Soil Sci. Soc. Am. J.},
  owner		= {mgulamal},
  pages		= {892--898},
  timestamp	= {2009.11.25},
  title		= {A closed-form equation for predicting the hydraulic
		  conductivity of unsaturated soils},
  volume	= {44},
  year		= {1980}
}

@Article{	  vasilevskii1999,
  author	= {Y. Vasilevskii and K. Lipnikov},
  journal	= {Computational Mathematics and Mathematical Physics},
  number	= {9},
  pages		= {1468-1486},
  title		= {An adaptive algorithm for quasioptimal mesh generation},
  volume	= {39},
  year		= {1999}
}

@Book{		  verfurth1996,
  author	= {R. Verf{\"{u}}rth},
  isbn		= {0-471-96795-5},
  publisher	= {John Wiley and Sons Ltd.},
  title		= {A Posteriori Error Estimation and Adaptive Mesh-Refinement
		  Techniques},
  year		= {1996}
}

@Article{	  vreugdenhil1994,
  author	= {Vreugdenhil, Cornelis Boudewijn},
  title		= {Numerical methods for shallow-water flow},
  volume	= {13},
  year		= {1994},
  publisher	= {Springer}
}


@Article{	  walters2007,
  author	= {R. A. Walters and E. M. Lane and R. F. Henry},
  doi		= {10.1016/j.ocemod.2007.06.008},
  journal	= {Ocean Modelling},
  keywords	= {Numerical model, Finite element, Semi-Lagrangian, Coastal
		  ocean},
  pages		= {112-114},
  title		= {Semi-Lagrangian methods for a finite element coastal ocean
		  model},
  volume	= {19},
  year		= {2007},
  bdsk-url-1	= {http://dx.doi.org/10.1016/j.ocemod.2007.06.008}
}

@InProceedings{	  warner2003,
  author	= {Brian Warner},
  title		= {BuildBot: build/test automation},
  booktitle	= {PyCon},
  year		= 2003,
  url		= {http://buildbot.sourceforge.net/PyCon-2003/buildbot.html}
}

@InProceedings{	  warner2003,
  author	= {Brian Warner},
  title		= {BuildBot: build/test automation},
  booktitle	= {PyCon},
  year		= 2003,
  url		= {http://buildbot.sourceforge.net/PyCon-2003/buildbot.html}
}

@Article{	  warner2005,
  author	= {J. C. Warner and C. R. Sherwood and H. G. Arango and R. P.
		  Signell},
  title		= {Performance of four turbulence closure models implemented
		  using a generic length scale method},
  journal	= {Ocean Modelling},
  year		= {2005},
  volume	= {8},
  pages		= {81 - 113},
  number	= {1-2},
  doi		= {10.1016/j.ocemod.2003.12.003},
  issn		= {1463-5003},
  timestamp	= {2009.07.10}
}

@Article{	  waterson_design_2007,
  title		= {Design principles for bounded higher-order convection
		  schemes - a unified approach},
  volume	= {224},
  issn		= {0021-9991},
  url		= {http://www.sciencedirect.com/science/article/B6WHY-4MYMG2M-5/2/fc1a18cfa833cd1434f4dc8bf2bdced4}
		  ,
  doi		= {10.1016/j.jcp.2007.01.021},
  number	= {1},
  journal	= {Journal of Computational Physics},
  author	= {{N.P.} Waterson and H. Deconinck},
  month		= may,
  year		= {2007},
  keywords	= {Bounded, Convection, Discretization, Flux limiters,
		  Higher-order, Non-linear, Normalized variables, {TVD}},
  pages		= {182--207}
}

@Article{	  wells2007,
  author	= {M.~R. Wells and P.~A. Allison and M.~D. Piggott and G.~J.
		  Gorman and G.~J. Hampson and C.~C. Pain and F. Fang},
  title		= {Numerical modelling of tides in the {P}ennsylvanian
		  {M}idcontinent {S}eaway of {N}orth {A}merica with
		  implications for hydrography and sedimentation},
  journal	= {Journal of Sedimentary Research},
  year		= 2007,
  volume	= 77,
  pages		= {843--865}
}

@PhDThesis{	  wells2008,
  author	= {M. R. Wells},
  school	= {{Imperial College London}},
  title		= {{Tidal modelling of modern and ancient seas and oceans}},
  year		= 2008
}

@Article{ wen_yu_1966,
  title         = {Mechanics of Fluidization},
  author        = {C.~Y. Wen and Y.~H. Yu},
  journal       = {Chem. Eng. Prog. Symp. Ser.},
  volume        = 62,
  number        = 100,
  year          = 1966
}

@Book{            wilcox1998turbulence,
  author	= {Wilcox, D.C.},
  publisher	= {DCW industries La Canada, CA},
  title		= {Turbulence modeling for {CFD}},
  year		= {1998}
}

@PhDThesis{	  wilson_phdthesis_2009,
  author	= {C. R. Wilson},
  school	= {Imperial College London},
  title		= {Modelling multiple-material flows on adaptive,
		  unstructured meshes},
  year		= {2009}
}

@Article{	  winters1995,
  author	= {Winters,Kraig B. and Lombard,Peter N. and Riley,James J.
		  and D'Asaro,Eric A.},
  title		= {Available potential energy and mixing in
		  density-stratified fluids},
  journal	= {Journal of Fluid Mechanics},
  volume	= {289},
  number	= {-1},
  pages		= {115-128},
  year		= {1995},
  doi		= {10.1017/S002211209500125X},
  url		= {http://journals.cambridge.org/action/displayAbstract?fromPage=online&aid=354020&fulltextType=RA&fileId=S002211209500125X}
		  ,
  eprint	= {http://journals.cambridge.org/article_S002211209500125X}
}

@Article{	  winters1996,
  author	= {Winters,Kraig B. and D'Asaro,Eric A.},
  title		= {Diascalar flux and the rate of fluid mixing},
  journal	= {Journal of Fluid Mechanics},
  volume	= {317},
  number	= {1},
  pages		= {179--193},
  year		= {1996},
  doi		= {10.1017/S0022112096000717}
}

@PhDThesis{	  yap1987,
  author	= {Yap, Christopher R.},
  title		= {Turbulent Heat and Momemntum Transfer in Recirculating and
		  Impinging Flows},
  school	= {Manchester University},
  year		= {1987}
}

@PhDThesis{	  yap1987,
  author	= {Yap, Christopher R.},
  title		= {Turbulent Heat and Momemntum Transfer in Recirculating and
		  Impinging Flows},
  school	= {Manchester University},
  year		= {1987}
}

@InProceedings{	  zhou_nonlinear_1999,
  address	= {Nantes, France},
  title		= {A nonlinear {3-D} approach to simulate green water
		  dynamics on deck},
  volume	= {7},
  booktitle	= {Report No. {82000-NSH}},
  author	= {Z. Q. Zhou and J. O. De Kat and B. Buchner},
  year		= {1999}
}

@ARTICLE{Tucker2011,
  author = {Tucker, P.G.},
  title = {Hybrid Hamilton/Jacobi/Poisson wall distance function model},
  journal = {Computers and Fluids},
  year = {2011},
  volume = {44},
  pages = {130 - 142},
  number = {1},
  doi = {10.1016/j.compfluid.2010.12.021},
}

@BOOK{Rodi1993,
  title = {Turbulence Models and Their Application in Hydraulics: A state-of-the-art
	review},
  publisher = {A.A. Balkema},
  year = {1993},
  author = {W. Rodi}
}

@article{schiller1935drag,
  title={A drag coefficient correlation},
  author={Schiller, L and Naumann, Z},
  journal={Vdi Zeitung},
  volume={77},
  number={318},
  pages={51},
  year={1935},
}

@article{lain1999experimental,
  title={Experimental and numerical studies of the hydrodynamics in a bubble column},
  author={Lain, S and Br{\"o}der, D and Sommerfeld, M},
  journal={Chemical Engineering Science},
  volume={54},
  number={21},
  pages={4913--4920},
  year={1999},
  publisher={Elsevier}
}

@article{lain2002modelling,
  title={Modelling hydrodynamics and turbulence in a bubble column using the {Euler--Lagrange} procedure},
  author={Lain, S and Br{\"o}der, D and Sommerfeld, M and G{\"o}z, M F},
  journal={International Journal of Multiphase Flow},
  volume={28},
  number={8},
  pages={1381--1407},
  year={2002},
  publisher={Elsevier}
}

@PhDThesis{bhutani2016,
  author	= {Bhutani, G},
  school	= {Imperial College London},
  title		= {Numerical modelling of polydispersed flows using an adaptive-mesh finite element method with application to froth flotation},
  year		= {2016}
}

@article{bhutani2016polydispersed,
title = "Polydispersed flow modelling using population balances in an adaptive mesh finite element framework ",
journal = "Computers and Chemical Engineering",
volume = "87",
pages = "208--225",
year = "2016",
author = "Bhutani, G and Brito-Parada, P R and Cilliers, J J"
}

@book{ramkrishna2000population,
  title={Population balances: Theory and applications to particulate systems in engineering},
  author={Ramkrishna, D.},
  year={2000},
  publisher={Academic press},
  address={San Diego}
}

@article{marchisio2005solution,
  title={Solution of population balance equations using the direct quadrature method of moments},
  author={Marchisio, D L and Fox, R O},
  journal={Journal of Aerosol Science},
  volume={36},
  number={1},
  pages={43--73},
  year={2005},
  publisher={Elsevier}
}

@article{jones2002using,
  title={Using discrete distributions to analyze {CSD} data from {MSMPR} crystallizers},
  author={Jones, C M},
  journal={AIChE Journal},
  volume={48},
  number={7},
  pages={1448--1456},
  year={2002},
  publisher={Wiley Online Library}
}

@article{marchisio2003quadratureb,
  title={Quadrature method of moments for population-balance equations},
  author={Marchisio, D L and Pikturna, J. T. and Fox, R O and Vigil, R. D. and Barresi, A. A.},
  journal={AIChE Journal},
  volume={49},
  number={5},
  pages={1266--1276},
  year={2003},
  publisher={Wiley Online Library}
}

@article{gordon1968error,
  title={Error bounds in equilibrium statistical mechanics},
  author={Gordon, R. G.},
  journal={Journal of Mathematical Physics},
  volume={9},
  pages={655},
  year={1968}
}

@article{laakkonen2007modelling,
  title={Modelling local bubble size distributions in agitated vessels},
  author={Laakkonen, M and Moilanen, P and Alopaeus, V and Aittamaa, J},
  journal={Chemical Engineering Science},
  volume={62},
  number={3},
  pages={721--740},
  year={2007},
  publisher={Elsevier}
}

@article{mccoymadras2003analytical,
  title={Analytical solution for a population balance equation with aggregation and fragmentation},
  author={McCoy, B J and Madras, G},
  journal={Chemical Engineering Science},
  volume={58},
  number={13},
  pages={3049--3051},
  year={2003},
  publisher={Pergamon}
}

@article{vankeken1997comparison,
  title={A comparison of methods for the modeling of thermochemical convection},
  author={PE {van Keken} and King, SD and Schmeling, H and Christensen, UR and Neumeister, D and Doin, M-P},
  journal={Journal of Geophysical Research: Solid Earth},
  volume={102},
  number={B10},
  pages={22477--22495},
  year={1997},
  publisher={Wiley Online Library}
}